This file was created with JabRef 2.1.
Encoding: Cp1252

@INBOOK{AnthonyBiggs2003,
  pages = {840--843},
  title = {{PAC} Learning and Neural Networks},
  publisher = {The MIT Press},
  year = {2003},
  author = {Anthony, Martin and Biggs, Norman},
  crossref = {Arbib2003}
}

@INBOOK{Buhmann95,
  pages = {278--281},
  title = {Data Clustering and Learning},
  publisher = {MIT Press},
  year = {1995},
  editor = {M.~A.~Arbib},
  author = {J.~M.~Buhmann},
  booktitle = {The Handbook of Brain Theory and Neural Networks},
  crossref = {Arbib1995}
}

@INPROCEEDINGS{SeysenerMurchMiddleton2004,
  author = {C.~J. Seysener and C.~L. Murch and R.~H. Middleton},
  title = {Extensions to Object Recognition in the Four-Legged League},
  booktitle = {Proceedings of the RoboCup 2004 Symposium},
  year = {2004},
  crossref = {RoboCup2004},
  optpublisher = {Springer-Verlag},
  optseries = {LNAI}
}

@ARTICLE{AlvarezSanchez1999,
  author = {{\'A}lvarez-S{\'a}nchez, J.~R.},
  title = {Injecting Knowledge into the solution of the Two-Spiral Problem},
  journal = {Neural Computing \& Applications},
  year = {1999},
  volume = {8},
  pages = {265--272}
}

@BOOK{Abarbanel96,
  title = {Analysis of Observed Chaotic Data},
  publisher = {Springer Verlag},
  year = {1996},
  author = {H.~D.~I.~Abarbanel},
  address = {New York}
}

@MISC{AIBOWEB,
  author = {{AIBO}},
  title = {{The Sony AIBO Entertainment Robot web site}},
  year = {2003},
  note = {http://www.aibo.com}
}

@ARTICLE{AidVap89,
  author = {F.~Aidu and V.~Vapnik},
  title = {Estimation of probability density on the basis of the method of stochastic
	regularization},
  journal = {Avtomatika i Telemekhanika},
  year = {1989},
  volume = {4},
  pages = {84--97},
  month = apr
}

@ARTICLE{AizBraRoz64,
  author = {M.~Aizerman and E.~Braverman and L.~Rozonoer},
  title = {Theoretical foundations of the potential function method in pattern
	recognition learning.},
  journal = {Automation and Remote Control},
  year = {1964},
  volume = {25},
  pages = {821~-~837}
}

@ARTICLE{Akaike74,
  author = {H.~Akaike},
  title = {A new look at the statistical model identification},
  journal = {IEEE Trans.~Automat.~Control},
  year = {1974},
  volume = {19},
  pages = {716--723},
  number = {6}
}

@BOOK{Albert72,
  title = {Regression and the {M}oore-{P}enrose pseudoinverse},
  publisher = {Academic Press},
  year = {1972},
  author = {A.\ Albert},
  address = {New York, NY}
}

@ARTICLE{Alexander84,
  author = {K. S. Alexander},
  title = {Probability inequalities for empirical processes and a law of the
	iterated logarithm},
  journal = {Annals of Probability},
  year = {1984},
  volume = {12},
  pages = {1041--1067}
}

@ARTICLE{AloBenCesHau97,
  author = {N.~Alon and S.~Ben--David and N.~Cesa--Bianchi and D.~Haussler},
  title = {{S}cale--sensitive {D}imensions, {U}niform {C}onvergence, and {L}earnability},
  journal = {Journal of the ACM},
  year = {1997},
  volume = {44},
  pages = {615--631},
  number = {4}
}

@ARTICLE{AmaKan98,
  author = {E.~Amaldi and V.~Kann},
  title = {On the approximability of minimizing nonzero variables or unsatisfied
	relations in linear systems},
  journal = {Theoretical Computer Science},
  year = {1998},
  note = {To appear}
}

@ARTICLE{AmaKan95,
  author = {E.~Amaldi and V.~Kann},
  title = {The complexity and approximability of finding maximum feasible subsystems
	of linear relations},
  journal = {Theoretical Computer Science},
  year = {1995},
  volume = {147},
  pages = {181--210}
}

@ARTICLE{AmaMurMueFinYan97,
  author = {S.~Amari and N.~Murata and K.-R M{\"u}ller and M.~Finke and H.~Yang},
  title = {Asymptotic Statistical Theory of Overtraining and Cross-Validation},
  journal = {IEEE Trans. on Neural Networks},
  year = {1997},
  volume = {8},
  pages = {985--996},
  number = {5}
}

@ARTICLE{AnlBie89,
  author = {J.~K.~Anlauf and M.~Biehl},
  title = {The AdaTron: an adaptive perceptron algorithm},
  journal = {Europhys.~Letters},
  year = {1989},
  volume = {10},
  pages = {687~-~692}
}

@ARTICLE{Anthony97,
  author = {M.~Anthony},
  title = {Probabilistic Analysis of Learning in Artificial Neural Networks:
	The {PAC} Model and its Variants.},
  journal = {Neural Computing Surveys},
  year = {1997},
  volume = {1},
  pages = {1--47},
  note = {{ http://www.icsi.berkeley.edu/\~{}jagota/NCS}}
}

@BOOK{AntBar99,
  title = {Neural Network Learning: Theoretical Foundations},
  publisher = {Cambridge University Press},
  year = {1999},
  author = {Anthony, Martin and Bartlett, Peter~L.}
}

@BOOK{AntBig92,
  title = {Computational Learning Theory},
  publisher = {Cambridge University Press},
  year = {1992},
  author = {M.~Anthony and N.~Biggs},
  volume = {30},
  series = {Cambridge Tracts in Theoretical Computer Science}
}

@ARTICLE{AntSha93,
  author = {M.~Anthony and J.~Shawe-Taylor},
  title = {A Result of {Vapnik} with Applications},
  journal = {Discrete Applied Mathematics},
  year = {1993},
  volume = {47},
  pages = {207--217}
}

@ARTICLE{AntSal79,
  author = {I.A. Antonov and V.M. Saleev},
  title = {missing},
  journal = {{USSR} Computational Mathematics and Mathematical Physics},
  year = {1979},
  pages = {86--112}
}

@ARTICLE{AntDevGyo99,
  author = {Andr\'as Antos and Luc Devroye and L. Gy\"orfi},
  title = {Lower bounds for {Bayes} error estimation},
  journal = {IEEE Transactions on Patterns Analysis and Machine Intelligence},
  year = {1999},
  volume = {21},
  pages = {643 -- 645}
}

@ARTICLE{Aronszajn50,
  author = {N.~Aronszajn},
  title = {Theory of reproducing kernels},
  journal = {Transactions of the American Mathematical Society},
  year = {1950},
  volume = {68},
  pages = {337~-~404}
}

@BOOK{Ash65,
  title = {Information Theory},
  publisher = {Interscience Publishers},
  year = {1965},
  author = {R.~Ash},
  address = {New York}
}

@INPROCEEDINGS{Baird90,
  author = {H.~Baird},
  title = {Document Image Defect Models},
  booktitle = {Proceddings, IAPR Workshop on Syntactic and Structural Pattern Recognition},
  year = {1990},
  pages = {38~-~46},
  address = {Murray Hill, NJ}
}

@INCOLLECTION{Barron84,
  author = {A.~Barron},
  title = {Predicted squared error: a criterion for automatic model selection},
  booktitle = {Self-organizing Methods in Modeling},
  publisher = {Marcel Dekker},
  year = {1984},
  editor = {S.~Farlow},
  address = {New York}
}

@ARTICLE{BarCov89,
  author = {A.~Barron and T.~Cover},
  title = {Minimum Complexity Density Estimation},
  journal = {IEEE Transactions on Information Theory},
  year = {1991},
  volume = {37},
  number = {4}
}

@ARTICLE{Barron93,
  author = {A.~R.~Barron},
  title = {Universal approximation bounds for superpositions of a sigmoidal
	function},
  journal = {IEEE Transaction on Information Theory},
  year = {1993},
  volume = {39},
  pages = {930--945},
  number = {3},
  month = may
}

@INPROCEEDINGS{BarSha99,
  author = {P.~Bartlett and J.~Shawe--Taylor},
  title = {Generalization Performance of Support Vector Machines and Other Pattern
	Classifiers},
  booktitle = {Advances in Kernel Methods --- Support Vector Learning},
  year = {1999},
  editor = {B.~Sch{\"o}lkopf and C. J. C.~Burges and A. J.~Smola},
  pages = {43--54},
  address = {Cambridge, MA},
  publisher = {{MIT} Press}
}

@INPROCEEDINGS{Bartlett97,
  author = {P.~L.~Bartlett},
  title = {For Valid Generalization the Size of the Weights is More Important
	than the Size of the Network},
  booktitle = {Advances in Neural Information Processing Systems},
  year = {1997},
  editor = {M.~C.~Mozer and M.~I.~Jordan and T.~Petsche},
  volume = {9},
  pages = {134},
  address = {Cambridge, MA},
  publisher = {{MIT} Press}
}

@ARTICLE{Bartlett98,
  author = {P.~L.~Bartlett},
  title = {The sample complexity of pattern classification with neural networks:
	the size of the weights is more important than the size of the network},
  journal = {IEEE Transactions on Information Theory},
  year = {1998},
  volume = {44},
  pages = {525--536},
  number = {2}
}

@ARTICLE{BartlettIEEE1998,
  author = {Bartlett, Peter~L.},
  title = {The Sample Complexity of Pattern Classification with Neural Networks:
	The Size of The Weights is More Important Than the Size of the Network},
  journal = {IEEE Transactions on Information Theory},
  year = {1998},
  volume = {44},
  pages = {525--535},
  number = {2},
  month = {March}
}

@ARTICLE{BarKulPos97,
  author = {P.~L.~Bartlett and S.~R.~Kulkarni and S.~E.~Posner},
  title = {Covering numbers for real-valued function classes},
  journal = {IEEE Transactions on Information Theory},
  year = {1997},
  volume = {43},
  pages = {1721--1724},
  number = {5}
}

@ARTICLE{BarLonWil95,
  author = {P.~L.~Bartlett and P.~Long and R.~C.~Williamson},
  title = {{F}at--{S}hattering and the {L}earnability of {R}eal--{V}alued {F}unctions},
  journal = {{J}ournal of {C}omputer and {S}ystem {S}ciences},
  year = {1996},
  volume = {52},
  pages = {434--452},
  number = {3}
}

@ARTICLE{BarWil96,
  author = {P.~L.~Bartlett and R.~C.~Williamson},
  title = {The {VC} dimension and pseudodimension of two-layer neural networks
	with discrete inputs},
  journal = {Neural Computation},
  year = {1996},
  volume = {8},
  pages = {625--628},
  number = {3}
}

@ARTICLE{BauHau89,
  author = {E.~B.~Baum and D.~Haussler},
  title = {What Size Net Gives Valid Generalization?},
  journal = {Neural Computation},
  year = {1989},
  volume = {1},
  pages = {151--160}
}

@INPROCEEDINGS{BenLecHen94,
  author = {Y.~Bengio and Y.~LeCun and D.~Henderson},
  title = {Globally Trained Handwritten Word Recognizer using Spatial Representation,
	Convolutional Neural Networks and Hidden Markov Models},
  booktitle = {Advances in Neural Information Processing Systems},
  year = {1994},
  editor = {J.~Cowan and G.~Tesauro and J.~Alspector},
  volume = {5},
  pages = {937--944}
}

@INPROCEEDINGS{Bennett92,
  author = {K.~P.~Bennett},
  title = {Decision Tree Construction Via Linear Programming},
  booktitle = {Proceedings of the 4th Midwest Artificial Intelligence and Cognitive
	Science Society Conference},
  year = {1992},
  editor = {M.~Evans},
  pages = {97--101},
  address = {Utica, Illinois}
}

@INPROCEEDINGS{BenBlu97,
  author = {K.~P.~Bennett and J.~A.~Blue},
  title = {A Support Vector Machine Approach to Decision Trees},
  booktitle = {Proceedings of {IJCNN}'98},
  year = {1997},
  pages = {2396--2401},
  address = {Anchorage, Alaska}
}

@INPROCEEDINGS{BenBre98,
  author = {K.~P.~Bennett and E.~J.~Bredensteiner},
  title = {Geometry in Learning},
  booktitle = {Geometry at Work},
  year = {1998},
  editor = {C.~Gorini and E.~Hart and W.~Meyer and T.~Phillips},
  address = {Washington, D.C.},
  publisher = {Mathematical Association of America},
  note = {Available http://www.math.rpi.edu/{$\sim$}bennek/geometry2.ps}
}

@ARTICLE{BenBre97,
  author = {K.~P.~Bennett and E.~J.~Bredensteiner},
  title = {A Parametric Optimization Method for Machine Learning},
  journal = {INFORMS Journal on Computing},
  year = {1997},
  volume = {9},
  pages = {311--318},
  number = {3}
}

@UNPUBLISHED{BenDem:98,
  author = {K.~P.~ Bennett and A.~Demiriz},
  title = {Semi-Supervised Support Vector Machines},
  note = {Unpublished manuscript based on talk given at Machines That Learn
	Conference, Snowbird},
  year = {1998}
}

@TECHREPORT{BenHuiAus98,
  author = {K. P. Bennett and D. Hui and L. Auslender},
  title = {On Support Vector Decision Trees for Database Marketing},
  institution = {Rensselaer Polytechnic Institute},
  year = {1998},
  type = {Department of Mathematical Sciences},
  number = {Math Report No. 98-100},
  address = {Troy, NY 12180},
  month = mar,
  note = {http://www.math.rpi.edu/\~{}bennek/}
}

@ARTICLE{BenMan94,
  author = {K.~P.~Bennett and O.~L.~Mangasarian},
  title = {Serial and Parallel Multicategory Discrimination},
  journal = {SIAM Journal on Optimization},
  year = {1994},
  volume = {4},
  pages = {722--734},
  number = {4}
}

@ARTICLE{BenMan93,
  author = {K.~P.~Bennett and O.~L.~Mangasarian},
  title = {Multicategory Separation via Linear Programming},
  journal = {Optimization Methods and Software},
  year = {1993},
  volume = {3},
  pages = {27--39}
}

@ARTICLE{BenMan92,
  author = {K.~P.~Bennett and O.~L.~Mangasarian},
  title = {Robust Linear Programming Discrimination of Two Linearly Inseparable
	Sets},
  journal = {Optimization Methods and Software},
  year = {1992},
  volume = {1},
  pages = {23--34}
}

@TECHREPORT{BenWuA:98,
  author = {K.~P.~ Bennett and D.~H.~Wu and L.~Auslender},
  title = {On Support Vector Decision Trees for Database Marketing},
  institution = {Rensselaer Polytechnic Institute},
  year = {1998},
  type = {R.{P}.{I}. {M}ath {R}eport {N}o.~98-100},
  address = {Troy, NY}
}

@INPROCEEDINGS{Bernhardt83,
  author = {L.~Bernhardt},
  title = {Zur {K}lassifizierung vieler {M}usterklassen mit wenigen {M}erkmalen},
  booktitle = {5.~DAGM Symposium: Mustererkennung 1983},
  year = {1983},
  editor = {H.~Kazmierczak},
  pages = {255~-~260},
  address = {Berlin},
  publisher = {VDE-Verlag}
}

@BOOK{Bertsekas95,
  title = {Nonlinear Programming},
  publisher = {Athena Scientific},
  year = {1995},
  author = {D.~P.~Bertsekas},
  address = {Belmont, MA}
}

@BOOK{Bhatia97,
  title = {Matrix Analysis},
  publisher = {Springer Verlag},
  year = {1997},
  author = {R.~Bhatia},
  address = {New York}
}

@ARTICLE{BieToiTuy91,
  author = {M.~Bierlaire and Ph.~Toint and D.~Tuyttens},
  title = {On iterative algorithms for linear least squares problems with bound
	constraints},
  journal = {Linear Alebra Appl.},
  year = {1991},
  pages = {111--143}
}

@ARTICLE{Birge86,
  author = {L. {Birg\'e}},
  title = {On estimating a density using Hellinger Distance and Some Other Strange
	Facts},
  journal = {Probability Theory and Related Fields},
  year = {1986},
  volume = {71},
  pages = {271--291}
}

@BOOK{Bishop95,
  title = {Neural Networks for Pattern Recognition},
  publisher = {Clarendon Press},
  year = {1995},
  author = {C.~M.~Bishop},
  address = {Oxford}
}

@ARTICLE{Bishop95b,
  author = {C.~M.~Bishop},
  title = {Training with noise is equivalent to {Tikohonov} regularization},
  journal = {Neural Computation},
  year = {1995},
  volume = {7},
  pages = {108--116}
}

@INPROCEEDINGS{BlaSchBueBurVapVet96,
  author = {V.~Blanz and B.~{Sch\"olkopf} and H.~{B\"ulthoff} and C.~Burges and
	V.~Vapnik and T.~Vetter},
  title = {Comparison of view-based object recognition algorithms using realistic
	{3D} models},
  booktitle = {Artificial Neural Networks --- {ICANN'96}},
  year = {1996},
  editor = {C.~von der Malsburg and W.~von Seelen and J.~C.~Vorbr{\"u}ggen and
	B.~Sendhoff},
  pages = {251~-~256},
  address = {Berlin},
  publisher = {Springer Lecture Notes in Computer Science, Vol.~1112}
}

@PHDTHESIS{Blue98,
  author = {J.~A.~Blue},
  title = {A Hybrid of Tabu Search and Local Descent Algorithms with Applications
	in Artificial Intelligence},
  school = {Rensselaer Polytechnic Institute},
  year = {1998}
}

@ARTICLE{BluEhrHauWar89,
  author = {A.~Blumer and A.~Ehrenfeucht and D.~Haussler and M.~K.~Warmuth},
  title = {Learnability and the {V}apnik-{C}hervonenkis Dimension},
  journal = {Journal of the ACM},
  year = {1989},
  volume = {36},
  pages = {929--965},
  number = {4}
}

@INPROCEEDINGS{Bochner32,
  author = {S.~Bochner},
  title = {{Vorlesungen ueber Fouriersche Integrale}},
  booktitle = {Akademische Verlagsgesellschaft},
  year = {1932},
  address = {Leipzig}
}

@BOOK{Boothby86,
  title = {An introduction to differentiable manifolds and Riemannian geometry},
  publisher = {Academic Press},
  year = {1986},
  author = {W.~M.~Boothby},
  edition = {2nd}
}

@INPROCEEDINGS{BosGuyVap92,
  author = {B.~E.~Boser and I.~M.~Guyon and V.~N.~Vapnik},
  title = {A Training Algorithm for Optimal Margin Classifiers},
  booktitle = {Proceedings of the 5th Annual {ACM} Workshop on Computational Learning
	Theory},
  year = {1992},
  editor = {D.~Haussler},
  pages = {144--152},
  address = {Pittsburgh, PA},
  month = jul,
  publisher = {ACM Press}
}

@INPROCEEDINGS{Bottou94,
  author = {L.~Bottou and C.~Cortes and J.~S.~Denker and H.~Drucker and I.~Guyon
	and L.~D.~Jackel and Y.~LeCun and U.~A.~M{\"u}ller and E.~S{\"a}ckinger
	and P.~Simard and V.~Vapnik},
  title = {Comparison of classifier methods: a case study in handwritten digit
	recognition},
  booktitle = {Proceedings of the 12th International Conference on Pattern Recognition
	and Neural Networks, Jerusalem},
  year = {1994},
  pages = {77~-~87},
  publisher = {IEEE Computer Society Press}
}

@ARTICLE{BotVap92,
  author = {L.~Bottou and V.~N.~Vapnik},
  title = {Local Learning Algorithms},
  journal = {Neural Computation},
  year = {1992},
  volume = {4},
  pages = {888--900},
  number = {6}
}

@INCOLLECTION{BouMor90,
  author = {H.~Bourlard and N.~Morgan},
  title = {A Continuous Speech Recognition System Embedding {MLP} into {HMM}},
  booktitle = {Advances in Neural Information Processing Systems},
  publisher = {Morgan Kaufmann},
  year = {1990},
  editor = {D. S. Touretzky},
  volume = {2},
  pages = {186--193},
  address = {San Mateo, CA}
}

@TECHREPORT{BraFayMan98,
  author = {P.~S.~Bradley and U.~M.~Fayyad and O.~L.~Mangasarian},
  title = {Data Mining: Overview and Optimization Opportunities},
  institution = {University of Wisconsin-Madison},
  year = {1998},
  number = {Mathematical Programming Technical Report 98-01},
  note = {Submitted for publication}
}

@INPROCEEDINGS{BraMan98,
  author = {P. S. Bradley and O. L. Mangasarian},
  title = {Feature Selection via Concave Minimization and Support Vector Machines},
  booktitle = {Machine Learning Proceedings of the Fifteenth International Conference{(ICML
	'98)}},
  year = {1998},
  editor = {J. Shavlik},
  pages = {82--90},
  address = {San Francisco, CA},
  publisher = {Morgan Kaufmann},
  note = {ftp://ftp.cs.wisc.edu/math-prog/tech-reports/98-03.ps.Z}
}

@TECHREPORT{BraMan98b,
  author = {P.~S.~Bradley and O.~L.~Mangasarian},
  title = {Massive Data Discrimination via Linear Support Vector Machines},
  institution = {University of Wisconsin-Madison},
  year = {1998},
  number = {Mathematical Programming Technical Report 98-05},
  note = {Submitted for publication}
}

@TECHREPORT{BraManStr95,
  author = {P.~S.~Bradley and O.~L.~Mangasarian and W.~N.~Street},
  title = {Feature Selection via Mathematical Programming},
  institution = {Computer Sciences Department, University of Wisconsin},
  year = {1995},
  number = {95-21},
  address = {Madison, Wisconsin},
  note = {To appear in {\it INFORMS Journal on Computing} 10, 1998}
}

@PHDTHESIS{Bredensteiner97,
  author = {E. J. Bredensteiner},
  title = {Optimization Methods in Data Mining and Machine Learning},
  school = {Department of Mathematical Sciences, Rensselaer Polytechnic Institute},
  year = {1997},
  address = {Troy, NY}
}

@ARTICLE{BenBred:98,
  author = {E.~J.~Bredensteiner and K.~P.~Bennett},
  title = {Multicategory Classification by Support Vector Machines},
  journal = {Computational Optimization and Applications},
  year = {1998},
  note = {To appear}
}

@ARTICLE{BreBen97,
  author = {E.~J.~Bredensteiner and K.~P.~Bennett},
  title = {Feature Minimization within Decision Trees},
  journal = {Computational Optimization and Applications},
  year = {1997},
  volume = {10},
  pages = {110--126}
}

@INPROCEEDINGS{BreOmo94,
  author = {C.~Bregler and M.~Omohundro},
  title = {Surface Learning with Applications to Lipreading},
  booktitle = {Advances in Neural Information Precessing Systems 6},
  year = {1994},
  editor = {J.~D.~Cowan and G.~Tesauro and J.~Alspector},
  address = {San Mateo, CA},
  publisher = {Morgan Kaufmann Publishers}
}

@ARTICLE{Bregman67,
  author = {L.~M.~Bregman},
  title = {The Relaxation Method of Finding the Common Point of Convex Sets
	and Its Application to the Solution of Problems in Convex Programming},
  journal = {USSR Computational Mathematics and Mathematical Physics},
  year = {1967},
  volume = {7},
  pages = {200--217}
}

@ARTICLE{Breiman96,
  author = {L.~Breiman},
  title = {Bagging predictors},
  journal = {Machine Learning},
  year = {1996},
  volume = {26},
  pages = {123--140},
  number = {2}
}

@TECHREPORT{Breiman94,
  author = {L.~Breiman},
  title = {Bagging predictors},
  institution = {Department of Statistics, UC Berkeley},
  year = {1994},
  number = {421},
  note = {ftp://ftp.stat.berkeley.edu/pub/tech-reports/421.ps.Z}
}

@BOOK{Breiman84,
  title = {Classification and Regression Trees},
  publisher = {Wadsworth International},
  year = {1984},
  author = {L.~Breiman and J.~ Friedman and R.~Olshen and C.~Stone.},
  address = {California}
}

@TECHREPORT{BroSae91,
  author = {J.~Bromley and E.~{S\"ackinger}},
  title = {Neural-network and k-nearest-neighbor classifiers},
  institution = {AT\&T},
  year = {1991},
  number = {11359--910819--16TM}
}

@ARTICLE{BroBryAba91,
  author = {R.~Brown and P.~Bryant and H.~D.~I.~Abarbanel},
  title = {Computing the Lyapunov spectrum of a dynamical system from observed
	time-series},
  journal = {Phys.~Rev.~Lett.},
  year = {1991},
  volume = {43},
  pages = {2787--2806},
  number = {6}
}

@ARTICLE{BunKau77,
  author = {J.~R.~Bunch and L.~Kaufman},
  title = {Some Stable Methods for Calculating Inertia and Solving Symmetric
	Linear Systems},
  journal = {Mathematics of Computation},
  year = {1977},
  volume = {31},
  pages = {163--179},
  kwds = {math, nla, linear system, inertia, symmetric matrix}
}

@TECHREPORT{NUBOT2003,
  author = {Bunting, J. and Chalup, S. and Freeston, M. and McMahan, W. and Middleton,
	R. and Murch, C. and Quinlan, M. and Seysener, C. and Shanks, G.},
  title = {Return of the NUbots~! The 2003 NUbots Team Report},
  institution = {University of Newcastle},
  year = {2003},
  type = {EECS Tech Report},
  note = {Available at http://robots.newcastle.edu.au/publications.html}
}

@INPROCEEDINGS{Burges99,
  author = {C.J.C. Burges},
  title = {Geometry and Invariance in Kernel Based Methods},
  booktitle = {Advances in Kernel Methods: Support Vector Learning},
  year = {1999},
  editor = {B. Sch{\"o}lkopf and C.J.C. Burges and A.J. Smola},
  publisher = {MIT Press}
}

@INPROCEEDINGS{Burges96,
  author = {C.~J.~C.~Burges},
  title = {Simplified Support Vector Decision Rules},
  booktitle = {Proceedings, 13th Intl.\ Conf.\ on Machine Learning},
  year = {1996},
  editor = {L.~Saitta},
  pages = {71--77},
  address = {San Mateo, CA},
  publisher = {Morgan Kaufmann}
}

@ARTICLE{Burges98,
  author = {C.~J.~C.~Burges},
  title = {A Tutorial on Support Vector Machines for Pattern Recognition},
  journal = {Data Mining and Knowledge Discovery},
  year = {1998},
  volume = {2},
  pages = {121--167},
  number = {2}
}

@INPROCEEDINGS{BurSch97,
  author = {C.~J.~C.~Burges and B.~Sch{\"o}lkopf},
  title = {Improving the accuracy and speed of support vector learning machines},
  booktitle = {Advances in Neural Information Processing Systems 9},
  year = {1997},
  editor = {M.~Mozer and M.~Jordan and T.~Petsche},
  pages = {375--381},
  address = {Cambridge, MA},
  publisher = {MIT Press}
}

@TECHREPORT{BurVap95,
  author = {C.~J.~C.~Burges and V.~Vapnik},
  title = {A New Method for Constructing Artificial Neural Networks: Interim
	Technical Report, {ONR} Contract {N}00014-94-{C}-0186},
  institution = {AT\&T Bell Laboratories},
  year = {1995}
}

@INPROCEEDINGS{SauGamVov98,
  author = {C. Saunders, A. Gammermann, V. Vovk},
  title = {Ridge Regression Learning Algorithm in Dual Variables},
  booktitle = {Machine Learning Proceedings of the Fifteenth International Conference{(ICML
	'98)}},
  year = {1998},
  editor = {J. Shavlik},
  address = {San Francisco, CA},
  publisher = {Morgan Kaufmann}
}

@MISC{UCI98,
  author = {Irvine University of California},
  title = {Machine Learning Repository},
  year = {1998},
  note = {http://www.ics.uci.edu/\~{}mlearn/MLRepository.html}
}

@UNPUBLISHED{Canu96,
  author = {S.~Canu},
  title = {{R}\'egularisation et l'apprentissage},
  note = {work in progress, available from http://www.hds.utc.fr/WEB/scanu/regul.ps},
  month = oct,
  year = {1996}
}

@ARTICLE{Carl85,
  author = {B.~Carl},
  title = {Inequalities of {B}ernstein-{J}ackson-Type and the Degree of Compactness
	of Operators in {B}anach Spaces},
  journal = {Annales de l'Institut Fourier},
  year = {1985},
  volume = {35},
  pages = {79--118},
  number = {3}
}

@BOOK{CarSte90,
  title = {Entropy, compactness, and the approximation of operators},
  publisher = {Cambridge University Press},
  year = {1990},
  author = {B.~Carl and I.~Stephani},
  address = {Cambridge, UK}
}

@ARTICLE{Censor81,
  author = {Y.~Censor},
  title = {Row-Action Methods for Huge and Sparse Systems and Their Applications},
  journal = {SIAM Review},
  year = {1981},
  volume = {23},
  pages = {444--467},
  number = {4}
}

@ARTICLE{CenLen81,
  author = {Y.~Censor and A.~Lent},
  title = {An Iterative Row-Action Method for Interval Convex Programming},
  journal = {J. Optimization Theory and Applications},
  year = {1981},
  volume = {34},
  pages = {321--353},
  number = {3}
}

@TECHREPORT{NUBOT2002,
  author = {Chalup, S. and Creek, N. and Freeston, L. and Lovell, N. and Marshall,
	J and Middleton, R. and Murch, C. and Quinlan, M. and Shanks, G.
	and Stanton, C. and Williams,M.-A.},
  title = {When NUbots Attack~! The 2002 NUbots Team Report},
  institution = {University of Newcastle},
  year = {2002},
  type = {EECS Tech Report},
  note = {Available at http://robots.newcastle.edu.au/publications.html}
}

@INPROCEEDINGS{ChalupMaire1999,
  author = {Chalup, Stephan and Maire, Frederic.},
  title = {A Study on Hill Climbing Algorithms for Neural Network Training},
  booktitle = {Proceeeding of the 1999 Congress on Evolutionary Computation (CEC'99)},
  year = {1999},
  pages = {2014--2021}
}

@MANUAL{ChihChung01,
  title = {{LIBSVM}: a library for support vector machines},
  author = {Chih-Chung Chang and Chih-Jen Lin},
  year = {2001},
  note = {Software available at http://www.csie.ntu.edu.tw/\verb"~"cjlin/libsvm}
}

@INPROCEEDINGS{ChaLip93,
  author = {E.~I.~Chang and R.~L.~Lippmann},
  title = {A boundary hunting radial basis function classifier which allocates
	centers constructively},
  booktitle = {Advances in Neural Information Processing Systems 5},
  year = {1993},
  editor = {S.~J.~Hanson and J.~D.~Cowan and C.~L.~Giles},
  address = {San Mateo, CA},
  publisher = {Morgan Kaufmann}
}

@PHDTHESIS{Chen95,
  author = {S.~Chen},
  title = {Basis Pursuit},
  school = {Department of Statistics},
  year = {1995},
  address = {Stanford University},
  month = nov
}

@TECHREPORT{CheDonSau95,
  author = {S.~Chen and D.~Donoho and M.~Saunders},
  title = {Atomic Decomposition by Basis Pursuit},
  institution = {Department of Statistics, Stanford University},
  year = {1995},
  type = {Technical Report},
  number = {479},
  month = may
}

@BOOK{CheMul98,
  title = {Learning from Data --- Concepts, Theory and Methods},
  publisher = {John Wiley \& Sons},
  year = {1998},
  author = {V. Cherkassky and F. Mulier},
  address = {New York}
}

@ARTICLE{Chernoff52,
  author = {H.~Chernoff},
  title = {A measure of asymptotic efficiency of tests of a hypothesis based
	on the sum of observations},
  journal = {Annals of Mathematical Statistics},
  year = {1952},
  volume = {23},
  pages = {493--507}
}

@BOOK{Chester71,
  title = {Techniques in Partial Differential Equations},
  publisher = {McGraw Hill},
  year = {1971},
  author = {C.~R.~Chester}
}

@ARTICLE{Clark2001,
  author = {Clarke, J.E. and Cham, J.G. and Bailey, S.A. and Froehlich, E.M.
	and Nahata, P.K. and Full, R.J. and Cutkosky, M.R.},
  title = {Biomimetic Design and Fabrication of a Hexapedal Running Robot},
  journal = {IEEE International Conference on Robotics and Automation},
  year = {2001},
  pages = {3643--3649}
}

@BOOK{Copson68,
  title = {Metric Spaces},
  publisher = {Cambridge University Press},
  year = {1968},
  author = {E.~T.~Copson}
}

@INPROCEEDINGS{CorJacSol94,
  author = {C.~Cortes and L.~D.~Jackel and S.~A.~Solla and V.~Vapnik and J.~S.~Denker},
  title = {Learning Curves: Asymptotic Values and Rate of Convergence},
  booktitle = {Advances in Neural Information Processing Systems},
  year = {1994},
  editor = {Jack D.~Cowan and Gerald Tesauro and Joshua Alspector},
  volume = {6},
  pages = {327--334},
  publisher = {Morgan Kaufmann Publishers, Inc.}
}

@ARTICLE{CorVap95,
  author = {C.~Cortes and V.~Vapnik},
  title = {Support Vector Networks},
  journal = {Machine Learning},
  year = {1995},
  volume = {20},
  pages = {273~-~297}
}

@OTHER{CouHil53,
  address = {New York},
  author = {R.~Courant and D.~Hilbert},
  publisher = {Interscience Publishers, Inc},
  title = {Methods of Mathematical Physics},
  volume = {1},
  year = {1953}
}

@ARTICLE{Cover65,
  author = {T.~M.~Cover},
  title = {Geometrical and Statistical Properties of Systems of Linear Inequalities
	with Applications in Pattern Recognition},
  journal = {IEEE Trans. Elect. Comp.},
  year = {1965},
  volume = {14},
  pages = {326--334}
}

@ARTICLE{CovHar67,
  author = {T. M.~Cover and P. E.~Hart},
  title = {Nearest neighbor pattern classifications},
  journal = {IEEE transaction on information theory},
  year = {1967},
  volume = {13},
  pages = {21--27},
  number = {1}
}

@ARTICLE{CoxOSu90,
  author = {D.~Cox and F.~O'Sullivan},
  title = {Asymptotic analysis of penalized likelihood and related estimators},
  journal = {Ann. Statist.},
  year = {1990},
  volume = {18},
  pages = {1676--1695}
}

@ARTICLE{CraWah79,
  author = {P.~Craven and G.~Wahba},
  title = {Smoothing noisy data with spline functions: estimating the correct
	degree of smoothing by the method of generalized cross-validation},
  journal = {Numer. Math.},
  year = {1979},
  volume = {31},
  pages = {377--403}
}

@INPROCEEDINGS{CriShaSyk98,
  author = {N.~Cristianini and J.~Shawe-Taylor and P.~Sykacek},
  title = {Bayesian Classifiers are Large Margin Hyperplanes in a Hilbert Space},
  booktitle = {Machine Learning: Proceedings of the Fifteenth International Conference},
  year = {1998},
  editor = {J.~Shavlik},
  address = {San Francisco, CA},
  publisher = {Morgan Kaufmann}
}

@ARTICLE{Dario2001,
  author = {Dario, P. and Gugliemelli, E. and Laschi,C.},
  title = {Humanoids and personal robots: Design and Experiments},
  journal = {Journal of Robotic Systems},
  year = {2001},
  volume = {18},
  pages = {673--690},
  number = {12}
}

@ARTICLE{DavMer80,
  author = {S. B. Davis and P. Mermelstein},
  title = {Comparison of Parametric Representations for Monosyllabic Word Recognition
	in Continuously Spoken Sentences},
  journal = {IEEE Transactions on Acoustics, Speech, and Signal Processing},
  year = {1980},
  volume = {ASSP-28},
  pages = {357--366},
  number = {4}
}

@BOOK{Dayan2001,
  title = {Theoretical Neuroscience---Computational and Mathematical Modeling
	of Neural Systems},
  publisher = {The MIT Press},
  year = {2001},
  author = {Dayan, Peter and Abbott, L.~F.}
}

@ARTICLE{DeCoste2002,
  author = {DeCoste, D. and Sch{\"o}lkopf, B.},
  title = {Training invariant support vector machines},
  journal = {Machine Learning},
  year = {2002},
  volume = {46},
  pages = {161--190}
}

@ARTICLE{DemLaiRub77,
  author = {A.P. Dempster and N.M. Laird and D.B. Rubin},
  title = {{Maximum Likelihood from Incomplete Data via the EM Algorithm}},
  journal = {Journal of the Royal Statistical Society B},
  year = {1977},
  volume = {39},
  pages = {1-22},
  number = {1}
}

@BOOK{DevGyoLug96,
  title = {A Probabilistic Theory of Pattern Recognition},
  publisher = {Springer},
  year = {1996},
  author = {L.~Devroye and L.~Gy{\"o}rfi and G.~Lugosi},
  number = {31},
  series = {Applications of mathematics},
  address = {New York}
}

@ARTICLE{DevLug95,
  author = {Luc Devroye and G{\'a}bor Lugosi},
  title = {Lower Bounds in Pattern Recognition and Learning},
  journal = {Pattern Recognition},
  year = {1995},
  volume = {28}
}

@BOOK{DiaKun96,
  title = {Principal Component Neural Networks},
  publisher = {Wiley},
  year = {1996},
  author = {K.~I.~Diamantaras and S.~Y.~Kung},
  address = {New York}
}

@ARTICLE{DieOppSom99,
  author = {R.~Dietrich and M.~Opper and H.~Sompolinsky},
  title = {Statistical Mechanics of Support Vector Networks},
  journal = {Physical Review Letters},
  year = {1999},
  volume = {82},
  pages = {2975--2978},
  number = {14}
}

@ARTICLE{Dietterich98,
  author = {T.~G.~Dietterich},
  title = {Approximate Statistical Test for Comparing Supervised Classification
	Learning Algorithms},
  journal = {Neural Computation},
  year = {1998},
  volume = {10},
  pages = {1895--1924}
}

@ARTICLE{DirFer95,
  author = {S. P. Dirkse and M. C. Ferris},
  title = {The {PATH} Solver: {A} Non-Monotone Stabilization Scheme for Mixed
	Complementarity Problems},
  journal = {Optimization Methods and Software},
  year = {1995},
  volume = {5},
  pages = {123--156},
  note = {ftp://ftp.cs.wisc.edu/tech-reports/reports/93/tr1179.ps}
}

@BOOK{DodPos91,
  title = {Tensor Geometry},
  publisher = {Springer-Verlag},
  year = {1991},
  author = {K.~Dodson and T.~Poston},
  edition = {2nd}
}

@INPROCEEDINGS{Drucker97,
  author = {H.~Drucker},
  title = {Improving regressors using boosting techniques},
  booktitle = {Proc.\ 14th International Conference on Machine Learning},
  year = {1997},
  pages = {107--115},
  publisher = {Morgan Kaufmann}
}

@INPROCEEDINGS{DruBurKauSmoVap97,
  author = {H.~Drucker and C.~J.~C.~Burges and L.~Kaufman and A.~Smola and V.~Vapnik},
  title = {Support vector regression machines},
  booktitle = {Advances in Neural Information Processing Systems 9},
  year = {1997},
  editor = {M.~Mozer and M.~Jordan and T.~Petsche},
  address = {Cambridge, MA},
  publisher = {MIT Press}
}

@ARTICLE{DruSchSim93,
  author = {H.~Drucker and R.~Schapire and P.~Simard},
  title = {Boosting performance in neural networks},
  journal = {International Journal of Pattern Recognition and Artificial Intelligence},
  year = {1993},
  volume = {7},
  pages = {705~-~719}
}

@BOOK{DudHar73,
  title = {Pattern Classification and Scene Analysis},
  publisher = {John Wiley \& Sons},
  year = {1973},
  author = {R.~O.~Duda and P.~E.~Hart}
}

@BOOK{Dudley89,
  title = {Real analysis and probability},
  publisher = {Wadsworth and Brooks/Cole},
  year = {1989},
  author = {R.~M.~Dudley},
  series = {Mathematics Series},
  address = {Pacific Grove, CA}
}

@ARTICLE{Dumais98,
  author = {S.~Dumais},
  title = {Using {SVMs} for Text Categorization},
  journal = {IEEE Intelligent Systems},
  year = {1998},
  volume = {13(4)},
  note = {In: M.A.~Hearst, B.~{Sch\"olkopf}, S.~Dumais, E.~Osuna, and J.~Platt:
	Trends and Controversies --- Support Vector Machines}
}

@BOOK{DunSch63,
  title = {Linear Operators Part {II}: Spectral Theory, Self Adjoint Operators
	in Hilbert Space},
  publisher = {John Wiley \& Sons},
  year = {1963},
  author = {N.~Dunford and J.~T.~Schwartz},
  number = {VII},
  series = {Pure and Applied Mathematics},
  address = {New York}
}

@INPROCEEDINGS{DunShaKoi97,
  author = {N.~Dunkin and J.~Shawe--Taylor and P.~Koiran},
  title = {A new incremental learning technique},
  booktitle = {Neural Nets, {WIRN} {V}ietri-96, Proceedings of the 8th Italian Workshop
	on Neural Nets},
  year = {1997}
}

@INCOLLECTION{Dyn87,
  author = {N.~Dyn},
  title = {Interpolation of scattered data by radial functions},
  booktitle = {Topics in multivariate approximation},
  publisher = {Academic Press},
  year = {1987},
  editor = {C.~K.~Chui and L.~L.~Schumaker and F.~I.~Utreras},
  address = {New York}
}

@ARTICLE{EckRue85,
  author = {J.~P.~Eckmann and D.~Ruelle},
  title = {Ergodic theory of chaos and strange attractors},
  journal = {Rev. Modern Phys.},
  year = {1985},
  volume = {57},
  pages = {617--656},
  number = {3}
}

@BOOK{Efet97,
  title = {Supersymmetry in Disorder and Chaos},
  publisher = {Cambridge University Press},
  year = {1997},
  author = {K.~Efetov},
  address = {Cambridge}
}

@ARTICLE{EhrHauKeaVal89,
  author = {A.~Ehrenfeucht and D.~Haussler and M.~Kearns and L.~Valiant},
  title = {A general lower bound on the number of examples needed for learning},
  journal = {Information and Computation},
  year = {1989},
  volume = {82},
  pages = {247--261}
}

@BOOK{EldWit90,
  title = {Numerical Analysis: An Introduction},
  publisher = {Academic Press},
  year = {1990},
  author = {L.~Elden and L.~Wittmeyer-Koch},
  address = {Cambrigde}
}

@BOOK{Everett1995,
  title = {Sensors For Mobile Robots : Theory and Application},
  publisher = {A K Peters Ltd},
  year = {1995},
  author = {Everett, R.B.}
}

@INPROCEEDINGS{FernauFreundHolzerSSPR1998,
  author = {Fernau, Henning and Freund, Rudolf and Holzer, Markus},
  title = {Character Recognition with k-Head Finite Array Automata},
  booktitle = {Advances in Pattern Recognition, Joint IAPR International Workshops
	SSPR '98 and SPR '98, Sydney, NSW, Australia, August 11-13, 1998,
	Proceedings},
  year = {1998},
  editor = {Adnan Amin and Dov Dori and Pavel Pudil and Herbert Freeman},
  volume = {1451},
  series = {LNCS},
  pages = {282-291},
  publisher = {Springer}
}

@ARTICLE{FerCae94,
  author = {M.~Ferraro and T.~M.~Caelli},
  title = {Lie transformation groups, integral transforms, and invariant pattern
	recognition},
  journal = {Spatial Vision},
  year = {1994},
  volume = {8},
  pages = {33~-~44}
}

@ARTICLE{FerMun98,
  author = {M. C. Ferris and T. S. Munson},
  title = {Interfaces to {PATH} 3.0: Design, Implementation and Usage},
  journal = {Computational Optimization and Applications},
  year = {1999},
  volume = {12},
  pages = {207--227},
  note = {ftp://ftp.cs.wisc.edu/math-prog/tech-reports/97-12.ps}
}

@INPROCEEDINGS{FonLeiHen94,
  author = {V. Fontaine and H. Leich and J. Hennebert},
  title = {Influence of vector quantization on isolated word recognition},
  booktitle = {Signal Processing VII, Theories and Applications. Proceedings of
	EUSIPCO-94. Seventh European Signal Processing Conference},
  year = {1994},
  editor = {M. J. J. Holt and C. F. N. Cowan and P. M. Grant and W. A. Sandham},
  volume = {1},
  pages = {115--18},
  address = {Lausanne, Switzerland},
  publisher = {Eur. Assoc. Signal Process}
}

@BOOK{FouGayKer93,
  title = {{AMPL} {A} Modeling Language for Mathematical Programming},
  publisher = {Boyd and Frazer},
  year = {1993},
  author = {R.~Fourer and D.~Gay and B.~ Kernighan},
  address = {Danvers, Massachusetts}
}

@ARTICLE{FraWol56,
  author = {M. Frank and P. Wolfe},
  title = {An Algorithm for Quadratic Programming},
  journal = {Naval Research Logistics Quarterly},
  year = {1956},
  volume = {3},
  pages = {95--110}
}

@INPROCEEDINGS{FreSch98,
  author = {Y.~Freund and R.E.~Schapire},
  title = { Large Margin Classification Using the Perceptron Algorithm },
  booktitle = {Machine Learning: Proceedings of the Fifteenth International Conference},
  year = {1998},
  editor = {J.~Shavlik},
  address = {San Francisco, CA},
  publisher = {Morgan Kaufmann}
}

@INPROCEEDINGS{FreSch96,
  author = {Y. Freund and R. E. Schapire},
  title = {Experiments with a new Boosting algorithm},
  booktitle = {Proc.\ 13th International Conference on Machine Learning},
  year = {1996},
  pages = {148--146},
  publisher = {Morgan Kaufmann}
}

@INPROCEEDINGS{FreSch95,
  author = {Y. Freund and R. E. Schapire},
  title = {A decision-theoretic generalization of on-line learning and an application
	to boosting},
  booktitle = {Computational Learning Theory: Eurocolt '95},
  year = {1995},
  pages = {23--37},
  publisher = {Springer-Verlag}
}

@TECHREPORT{Friedman99,
  author = {J.~Friedman},
  title = {Greedy function approximation: a gradient boosting machine},
  institution = {Stanford University},
  year = {1999}
}

@TECHREPORT{FriHasTib98,
  author = {J.~Friedman and T.~Hastie and R.~Tibshirani},
  title = {Additive logistic regression: a statistical view of boosting.},
  institution = {Stanford University},
  year = {1998}
}

@TECHREPORT{Friedman96,
  author = {J.~H.~Friedman},
  title = {Another Approach to Polychotomous Classification},
  institution = {Department of Statistics and Stanford Linear Accelerator Center,
	Stanford University},
  year = {1996}
}

@ARTICLE{Friedman91,
  author = {J.~H.~Friedman},
  title = {Multivariate Adaptive Regression Splines.},
  journal = {Annals of Statistics},
  year = {1991},
  volume = {19},
  pages = {1--141},
  number = {1},
  keywords = {AS, classification, regression, tree, trees, CART, stats, statistics}
}

@ARTICLE{FriStu81,
  author = {J.~H.~Friedman and W.~Stuetzle},
  title = {Projection Pursuit Regression},
  journal = {J.~American Statistical Association},
  year = {1981},
  volume = {76},
  pages = {817--823},
  number = {376},
  month = dec
}

@UNPUBLISHED{Friess98,
  author = {T.~Frie{\ss}},
  title = {personal communication},
  year = {1998}
}

@INPROCEEDINGS{FriCriCam98,
  author = {T.-T.~Frie{\ss~} and N.~Cristianini and C.~Campbell.},
  title = {The Kernel Adatron Algorithm: A Fast and Simple Learning Procedure
	for Support Vector Machines. },
  booktitle = {15th Intl.\ Conf.\ Machine Learning},
  year = {1998},
  publisher = {Morgan Kaufman Publishers}
}

@ARTICLE{Fujita1998,
  author = {Fujita, M. and Kitano, H.},
  title = {Development of an Autonomous Quadruped Robot for Robot Entertainment},
  journal = {Autonomous Robotics},
  year = {1998},
  volume = {5},
  pages = {7--18}
}

@ARTICLE{EGard87,
  author = {E.~Gardner},
  title = {The Space of Interactions in Neural Networks},
  journal = {Journal of Physics A},
  year = {1988},
  volume = {21},
  pages = {257--70}
}

@ARTICLE{Gardner87,
  author = {E.~Gardner},
  title = {The Space of Interactions in Neural Networks},
  journal = {Journal of Physics A},
  year = {1988},
  volume = {21},
  pages = {257--70}
}

@TECHREPORT{GilMurSau97,
  author = {P.~E.~Gill and W.~Murray and M.~A.~Saunders},
  title = {{SNOPT}: An {SQP} Algorithm for Large-Scale Constrained Optimization},
  institution = {Dept.~of Mathematics, U.C. San Diego},
  year = {1997},
  number = {NA-97-2}
}

@BOOK{GilMurWri81,
  title = {Practical Optimization},
  publisher = {Academic Press},
  year = {1981},
  author = {P. E. Gill and W. Murray and M. H. Wright}
}

@ARTICLE{Girard98,
  author = {D.~Girard},
  title = {Asymptotic comparison of (partial) cross-validation, {GCV} and randomized
	{GCV} in nonparametric regression},
  journal = {Ann. Statist.},
  year = {1998},
  volume = {126},
  pages = {315--334}
}

@ARTICLE{Girard91,
  author = {D.~Girard},
  title = {Asymptotic optimality of the fast randomized versions of ${GCV}$
	and ${{C}_{{L}}}$ in ridge regression and regularization},
  journal = {Ann. Statist.},
  year = {1991},
  volume = {19},
  pages = {1950--1963}
}

@ARTICLE{Girosi98,
  author = {F.~Girosi},
  title = {An Equivalence Between Sparse Approximation and Support Vector Machines},
  journal = {Neural Computation},
  year = {1998},
  volume = {10},
  pages = {1455--1480},
  number = {6}
}

@ARTICLE{GirJonPog95,
  author = {F.~Girosi and M.~Jones and T.~Poggio},
  title = {Regularization Theory and Neural Networks Architectures},
  journal = {Neural Computation},
  year = {1995},
  volume = {7},
  pages = {219--269},
  number = {2}
}

@TECHREPORT{GirJonPog93,
  author = {F.~Girosi and M.~Jones and T.~Poggio},
  title = {Priors, Stabilizers and Basis Functions: From Regularization to Radial,
	Tensor and Additive Splines},
  institution = {MIT},
  year = {1993},
  type = {A.I.~Memo No.},
  number = {1430}
}

@ARTICLE{GirPog89,
  author = {F.~Girosi and T.~Poggio},
  title = {Representation properties of networks: Kolmogorov's theorem is irrelevant},
  journal = {Neural Computation},
  year = {1989},
  volume = {1},
  pages = {465--469},
  number = {4}
}

@ARTICLE{GisSch94,
  author = {H. Gish and M. Schmidt},
  title = {Text-Independent Speaker Identification},
  journal = {IEEE Signal Processing Magazine},
  year = {1994},
  pages = {18-32}
}

@ARTICLE{Glover90,
  author = {F.~Glover},
  title = {Improved Linear Programming Models for Discriminant Analysis},
  journal = {Decision Sciences},
  year = {1990},
  volume = {21},
  pages = {771--785}
}

@ARTICLE{GocStaSriChe97,
  author = {W.~Gochet and A.~Stam and V.~Srinivasan and S.~Chen},
  title = {Multigroup Discriminant Analysis using linear programming},
  journal = {Operations Research},
  year = {1997},
  volume = {45},
  pages = {213--559},
  number = {2}
}

@BOOK{Goldstein86,
  title = {Classical Mechanics},
  publisher = {Addison-Wesley},
  year = {1986},
  author = {H.~Goldstein},
  address = {Reading, MA}
}

@INPROCEEDINGS{GolBarLeeMas98,
  author = {M.~Golea and P.~L.~Bartlett and W.~S.~Lee and L.~Mason},
  title = {Generalization in decision trees and {DNF}: Does size matter?},
  booktitle = {Advances in Neural Information Processing Systems 10},
  year = {1998}
}

@ARTICLE{GolVon97,
  author = {G.~Golub and U.~von~{M}att},
  title = {Generalized Cross-validation for Large-Scale Problems},
  journal = {J.~Comput. Graph. Statist.},
  year = {1997},
  volume = {6},
  pages = {1--34}
}

@ARTICLE{GonWahJohTri98,
  author = {J.~Gong and G.~Wahba and D.~Johnson and J.~Tribbia},
  title = {Adaptive tuning of numerical weather prediction models: simultaneous
	estimation of weighting, smoothing and physical parameters},
  journal = {Monthly Weather Review},
  year = {1998},
  volume = {125},
  pages = {210--231}
}

@ARTICLE{GorKonSch87,
  author = {Y. Gordon and H. K{\"{o}}nig and C. Sch{\"{u}}tt},
  title = {Geometric and Probabilistic Estimates for Entropy and Approximation
	Numbers of Operators},
  journal = {Journal of Approximation Theory},
  year = {1987},
  volume = {49},
  pages = {219--239}
}

@ARTICLE{GorSej88,
  author = {R. P.~Gorman and T. J.~Sejnowsky},
  title = {Analysis of hidden units in a layered network trained to classify
	sonar targets},
  journal = {Neural Networks},
  year = {1988},
  volume = {1}
}

@INPROCEEDINGS{GraObe98,
  author = {T.~Graepel and K.~Obermayer},
  title = {Fuzzy Topographic Kernel Clustering},
  booktitle = {Proceedings of the 5th GI Workshop Fuzzy Neuro Systems '98},
  year = {1998},
  editor = {W.~Brauer},
  pages = {90--97}
}

@BOOK{Gray1968,
  title = {Animal Locomotion},
  publisher = {Weidenfeld and Nicolson},
  year = {1968},
  author = {Gray, J.},
  address = {London}
}

@BOOK{Greene70,
  title = {Isometric Embeddings of Riemannian and Pseudo-Riemannian Manifolds},
  publisher = {American Mathematical Society},
  year = {1970},
  author = {R.~E.~Greene}
}

@ARTICLE{GuWah93,
  author = {C.~Gu and G.~Wahba},
  title = {Semiparametric analysis of variance with tensor product thin plate
	splines},
  journal = {J.~Royal Statistical Soc. Ser.~B},
  year = {1993},
  volume = {55},
  pages = {353--368}
}

@INPROCEEDINGS{Gurvits97,
  author = {L.~Gurvits},
  title = {A note on a scale-sensitive dimension of linear bounded functionals
	in Banach spaces},
  booktitle = {Proceedings of Algorithm Learning Theory, ALT-97},
  year = {1997},
  pages = {352--363},
  publisher = {Springer Verlag}
}

@INPROCEEDINGS{GuyBosVap93,
  author = {I.~Guyon and B.~Boser and V.~Vapnik},
  title = {Automatic Capacity Tuning of Very Large {VC}-Dimension Classifiers},
  booktitle = {Advances in Neural Information Processing Systems},
  year = {1993},
  editor = {S.~J.~Hanson and J.~D.~Cowan and C.~L.~Giles},
  volume = {5},
  pages = {147--155},
  publisher = {Morgan Kaufmann, San Mateo, CA}
}

@ARTICLE{GuyMakSchVap98,
  author = {I.~Guyon and J.~Makhoul and R.~Schwartz and V.~Vapnik},
  title = {What size test set gives good error rate estimates},
  journal = {IEEE Pattern Analysis and Machine Intelligence},
  year = {1998},
  volume = {20},
  pages = {52--64},
  number = {1}
}

@INCOLLECTION{GuyMatVap96,
  author = {I.~Guyon and N.~{Mati\'c} and V.~Vapnik},
  title = {Discovering informative patterns and data cleaning},
  booktitle = {Advances in Knowledge Discovery and Data Mining},
  publisher = {MIT Press},
  year = {1996},
  editor = {U.~M.~Fayyad and G.~Piatetsky-Shapiro and P.~Smythand R.~Uthurusamy},
  pages = {181~-~203},
  address = {Cambridge, MA},
  comment = {Also published in: AAAI workshop on Knowledge Discovery in Databases,
	KDD'94, pages 145--156, Seattle, WA.~1994}
}

@INPROCEEDINGS{Guyon92,
  author = {I.~Guyon and V.~Vapnik and B.~Boser and L.~Bottou and S.~A.~Solla},
  title = {Structural risk minimization for character recognition},
  booktitle = {Advances in Neural Information Processing Systems 4. Proceedings
	of the 1991 Conference},
  year = {1992},
  editor = {J.~E.~Moody and S.~J.~Hanson and R.~P.~Lippmann},
  pages = {471--479},
  address = {San Mateo, CA},
  publisher = {Morgan Kaufmann}
}

@INPROCEEDINGS{Halif98,
  author = {Radim Halif and Jan Flusser},
  title = {Numerically Stable Direct Least Squares Fitting Of Ellipses},
  booktitle = {The Sixth International Conference in Central Europe on Computer
	Graphics and Visualization'98},
  year = {1998},
  owner = {admin},
  timestamp = {2009.12.10}
}

@BOOK{Hamermesh62,
  title = {Group theory and its applications to physical problems},
  publisher = {Addison Wesley},
  year = {1962},
  author = {M.~Hamermesh},
  address = {Reading, MA},
  edition = {2},
  note = {Reprint by Dover, New York, NY}
}

@BOOK{HamRonRouSta86,
  title = {Robust statistics},
  publisher = {Wiley},
  year = {1986},
  author = {F.R.\ Hampel and E.M.\ Ronchetti and P.J.\ Rousseeuw and W.A.\ Stahel},
  address = {New York, NY}
}

@ARTICLE{HamWai90,
  author = {J.~B.~Hampshire and A.~Waibel},
  title = {A Novel Objective Function for Improved Phoneme Recognition Using
	Time-Delay Neural Networks},
  journal = {IEEE Trans.\ Neural Networks},
  year = {1990},
  volume = {1},
  pages = {216~-~228}
}

@INPROCEEDINGS{HarRub78,
  author = {D.~Harrison and D.~L.~Rubinfeld},
  title = {Hedonic prices and the demand for clean air},
  booktitle = {J.~Environ. Economics \& Management},
  year = {1978},
  volume = {5},
  pages = {81--102},
  note = {Original source of the Boston Housing data, actually from ftp://ftp.ics.uci.com/pub/machine-learning-databases/housing}
}

@ARTICLE{HasStu89,
  author = {T.~Hastie and W.~Stuetzle},
  title = {Principal Curves},
  journal = {JASA},
  year = {1989},
  volume = {84},
  pages = {502~-~516}
}

@ARTICLE{HasTibBuj94,
  author = {T.~Hastie and R.~Tibshirani and A.~Buja},
  title = {Flexible Discriminant Analysis},
  journal = {JASA},
  year = {1994},
  volume = {89},
  pages = {1255~-~1270}
}

@BOOK{HasTib90,
  title = {Generalized Additive Models},
  publisher = {Chapman \& Hall},
  year = {1990},
  author = {T.~J.~Hastie and R.~J.~Tibshirani},
  volume = {43},
  series = {Monographs on Statistics and Applied Probability},
  address = {London}
}

@BOOK{Haykin94,
  title = {Neural Networks : {A} Comprehensive Foundation},
  publisher = {Macmillan},
  year = {1994},
  author = {S.~Haykin},
  address = {New York}
}

@TECHREPORT{HayPutYee97,
  author = {S.~Haykin and S.~Puthusserypady and P.~Yee},
  title = {Reconstruction of Underlying Dynamics of an Observed Chaotic Process},
  institution = {Comm. Res. Lab., McMaster University},
  year = {1997},
  number = {353}
}

@TECHREPORT{Henderson2005,
  author = {Henderson, N},
  title = {Digital Image Processing In Robot Vision},
  institution = {University of Newcastle},
  year = {2005},
  note = {Available at http://robots.newcastle.edu.au/publications.html}
}

@TECHREPORT{NUManoids2008,
  author = {Henderson, N. and Nicklin, S.P. and Wong, A. and Kulk, J. and and
	Chalup, S.K. and King, R. and Middleton, R.H. and Tang, S. and Buckley,
	A.},
  title = {The 2008 NUManoids Team Report},
  institution = {University of Newcastle},
  year = {2008},
  type = {{EECS} Technical Report},
  note = {Available at \url{www.tzi.de/spl/pub/Website/Teams2008/NUManoids.pdf}}
}

@ARTICLE{Hengst2002,
  author = {Hengst, B. and Pham, S.B. and Ibbotson, D. and Sammut, C.},
  title = {Omnidirectional Locomotion for Quadruped Robots},
  journal = {RoboCup 2001: Robot Soccer World Cup V},
  year = {2002},
  pages = {368--373}
}

@TECHREPORT{UNSW2000,
  author = {Hengst, B. and Pham, S.B. and Ibbotson, D. and Sammut, C.},
  title = {The UNSW United 2000 Sony Legged Robot Software System},
  institution = {University of New South Wales},
  year = {2000},
  pages = {61--75}
}

@ARTICLE{Hildreth57,
  author = {C.~Hildreth},
  title = {A Quadratic Programming Procedure},
  journal = {Naval Research Logistics Quarterly},
  year = {1957},
  volume = {4},
  pages = {79--85}
}

@BOOK{Hilton1997,
  title = {Mathematical Reflections in a Room with Many Mirrors},
  publisher = {New York: Springer-Verlag},
  year = {1997},
  author = {Hilton, P. and Holton, D. and and Pedersen, J.}
}

@INPROCEEDINGS{HoKl96,
  author = {T.~K.~Ho and E.~Kleinberg},
  title = {Building Projectable Classifiers for Arbitrary Complexity},
  booktitle = {Proceedings of the 12th International Conference on Pattern Recognition,
	Vienna},
  year = {1996},
  pages = {880--885}
}

@ARTICLE{Hoeffding63,
  author = {W.~Hoeffding},
  title = {Probability inequalities for sums of bounded random variables},
  journal = {Journal of the American Statistical Association},
  year = {1963},
  volume = {58},
  pages = {13--30}
}

@ARTICLE{HoeKen70,
  author = {A. E. Hoerl and R. W. Kennard},
  title = {Ridge regression: Biased estimation for nonorthogonal problems },
  journal = {Technometrics},
  year = {1970},
  volume = {12},
  pages = {55-67},
  number = {1}
}

@ARTICLE{HofBuh97,
  author = {T.~Hofmann and J.~M.~Buhmann},
  title = {Pairwise Data Clustering by Deterministic Annealing},
  journal = {IEEE Transactions on Pattern Analysis and Machine Intelligence},
  year = {1997},
  volume = {19},
  pages = {1--25},
  number = {1}
}

@TECHREPORT{Hong2005,
  author = {Hong, K},
  title = {NUbots: Enhancements to Vision Processing, and Debugging Software
	for Robocup Soccer},
  institution = {University of Newcastle},
  year = {2005},
  note = {Available at http://robots.newcastle.edu.au/publications.html}
}

@BOOK{HorJoh85,
  title = {Matrix Analysis},
  publisher = {Cambridge University Press},
  year = {1985},
  author = {Horn and Johnson},
  address = {Cambridge}
}

@ARTICLE{Hornby2000,
  author = {Hornby, G. S. and Fujita, M. and Takamura, S. and Yamamoto, T. and
	Hanagata, O.},
  title = {Evolving Robust Gaits with Aibo},
  journal = {IEEE International Conference on Robotics and Automation},
  year = {2000},
  pages = {3040--3045}
}

@ARTICLE{Hotelling33,
  author = {H.~Hotelling},
  title = {Analysis of a Complex of Statistical Variables into Principal Components},
  journal = {Journal of Educational Psychology},
  year = {1933},
  volume = {24},
  pages = {417--441 and 498--520}
}

@BOOK{Huber81,
  title = {Robust Statistics},
  publisher = {John Wiley and Sons},
  year = {1981},
  author = {P.~J.~Huber},
  address = {New York}
}

@ARTICLE{Huber72,
  author = {P.~J.~Huber},
  title = {Robust statistics: a review},
  journal = {Ann.~Statist.},
  year = {1972},
  volume = {43},
  pages = {1041}
}

@BOOK{Hughes96,
  title = {The Complete Database Marketer},
  publisher = {Irwin Prof.~Publishing},
  year = {1996},
  author = {A.~M.~Hughes},
  address = {Chicago}
}

@ARTICLE{Hutchinson89,
  author = {M.~Hutchinson},
  title = {A stochastic estimator for the trace of the influence matrix for
	{L}aplacian smoothing splines},
  journal = {Commun. Statist.-Simula.},
  year = {1989},
  volume = {18},
  pages = {1059--1076}
}

@BOOK{Haerdle90,
  title = {Applied Nonparametric Regression},
  publisher = {Cambridge University Press},
  year = {1990},
  author = {W.~H{\"a}rdle},
  address = {Cambridge}
}

@ARTICLE{IbmOsl92,
  author = {{{IBM} Corporation}},
  title = {{IBM} Optimization Subroutine Library Guide and Reference},
  journal = {IBM Systems Journal},
  year = {1992},
  volume = {31},
  note = {SC23-0519},
  issue = {31}
}

@INPROCEEDINGS{JaaHau99,
  author = {T. S.~Jaakkola and D.~Haussler},
  title = {Probabilistic Kernel Regression Models},
  booktitle = {Proceedings of the 1999 Conference on AI and Statistics},
  year = {1999}
}

@TECHREPORT{Jaeger2001,
  author = {Jaeger, H.},
  title = {The \emph{echo state} approach to analysing and training recurrent
	neural networks},
  institution = {GMD},
  year = {2001},
  type = {Technical Report GMD Report},
  number = {148},
  address = {German National Research Center for Information Technology}
}

@INPROCEEDINGS{Joachims99,
  author = {T.~Joachims},
  title = {Making Large--Scale {SVM} Learning Practical},
  booktitle = {Advances in Kernel Methods --- Support Vector Learning},
  year = {1999},
  editor = {B.~Sch{\"o}lkopf and C. J. C.~Burges and A. J.~Smola},
  pages = {169--184},
  address = {Cambridge, MA},
  publisher = {{MIT} Press}
}

@INPROCEEDINGS{Joachims98,
  author = {T.~Joachims},
  title = {Text Categorization with Support Vector Machines},
  booktitle = {European Conference on Machine Learning (ECML)},
  year = {1998}
}

@TECHREPORT{Joachims97,
  author = {T.~Joachims},
  title = {Text Categorization with Support Vector Machines: Learning with Many
	Relevant Features},
  institution = {LS VIII, University of Dortmund},
  year = {1997},
  number = {23}
}

@BOOK{Jolliffe86,
  title = {{Principal Component Analysis}},
  publisher = {Springer-Verlag},
  year = {1986},
  author = {I.~T.~Jolliffe},
  address = {New York}
}

@ARTICLE{JuaChoLee97,
  author = {B.-H. Juang and W. Chou and C.-H. Lee},
  title = {{Minimum Classification Error Rate Methods for Speech Recognition}},
  journal = {IEEE Transactions on Speech and Audio Processing},
  year = {1997},
  volume = {5},
  pages = {257-265},
  number = {3}
}

@INCOLLECTION{KueHem96,
  author = {R.~K\"uhn and J.L.~van Hemmen},
  title = {Collective Phenomena in Neural Networks},
  booktitle = {Physics of Neural Networks I},
  publisher = {Springer Verlag},
  year = {1996},
  editor = {J.L.~van~Hemmen, E.~Domany and K.~Schulten},
  address = {New York}
}

@ARTICLE{KarJou95,
  author = {J.~Karhunen and J.~Joutsensalo},
  title = {Generalizations of Principal Component Analysis, Optimization Problems,
	and Neural Networks},
  journal = {Neural Networks},
  year = {1995},
  volume = {8},
  pages = {549--562},
  number = {4}
}

@ARTICLE{Karhunen46,
  author = {K.~Karhunen},
  title = {Zur {S}pektraltheorie stochastischer {P}rozesse},
  journal = {Ann.\ Acad.\ Sci.\ Fenn.},
  year = {1946},
  volume = {34}
}

@ARTICLE{KarMac97,
  author = {Marek Karpinski and Angus Macintyre},
  title = {Polynomial Bounds for {VC} Dimension of Sigmoidal and General {Pfaffian}
	Neural Networks},
  journal = {Journal of Computer and System Sciences},
  year = {1997},
  volume = {54},
  pages = {169--176},
  number = {1},
  month = feb
}

@MASTERSTHESIS{Karush39,
  author = {W.~Karush},
  title = {Minima of Functions of Several Variables with Inequalities as Side
	Constraints},
  school = {Dept.~of Mathematics, Univ.~of Chicago},
  year = {1939}
}

@BOOK{Katznelson68,
  title = {An introduction to harmonic analysis},
  publisher = {John Wiley and Sons},
  year = {1968},
  author = {Y.~Katznelson},
  address = {New York}
}

@TECHREPORT{Kaufman97a,
  author = {L.~Kaufman},
  title = {Solving the Quadratic Programming problem arising in support vector
	classification},
  year = {1997},
  month = jan
}

@INPROCEEDINGS{Kaufmann99,
  author = {L.~Kaufmann},
  title = {Solving the Quadratic Programming problem arising in Support Vector
	classification},
  booktitle = {Advances in Kernel Methods --- Support Vector Learning},
  year = {1999},
  editor = {B.~Sch{\"o}lkopf and C. J. C.~Burges and A. J.~Smola},
  pages = {147--168},
  address = {Cambridge, MA},
  publisher = {{MIT} Press}
}

@ARTICLE{Kearns97,
  author = {M. Kearns},
  title = {A Bound on the Error of Cross Validation using the approximation
	and estimation rates, with consequences for the Training-Test Split},
  journal = {Neural Computation},
  year = {1997},
  volume = {9},
  pages = {1143--1161},
  number = {5}
}

@ARTICLE{KeaSchSel94,
  author = {M. J. Kearns and R. E. Schapire and L. M. Sellie},
  title = {Toward efficient agnostic learning},
  journal = {Machine Learning},
  year = {1994},
  volume = {17},
  pages = {115--141},
  number = {2}
}

@ARTICLE{KenBroAba92,
  author = {M.~Kennel and R.~Brown and H.~D.~I.~Abarbanel},
  title = {Determining Embedding Dimension for Phase-Space Reconstruction using
	a Geometrical Construction},
  journal = {Phys. Rev.~A.},
  year = {1992},
  volume = {45},
  pages = {3403--3411}
}

@ARTICLE{KhaTod93,
  author = {L.G. Khachiyan and M.J. Todd},
  title = {On the complexity of approximating the maximal inscribed ellipsoid
	for a polytope},
  journal = {Mathematical Programming},
  year = {1993},
  volume = {61},
  pages = {137--159}
}

@ARTICLE{KimWah71,
  author = {G.~Kimeldorf and G.~Wahba},
  title = {Some results on {T}chebycheffian spline functions},
  journal = {J.~Math. Anal. Applic.},
  year = {1971},
  volume = {33},
  pages = {82--95}
}

@ARTICLE{KimWah70,
  author = {G.~Kimeldorf and G.~Wahba},
  title = {A correspondence between {B}ayesian estimation of stochastic processes
	and smoothing by splines},
  journal = {Ann. Math. Statist.},
  year = {1970},
  volume = {41},
  pages = {495--502}
}

@ARTICLE{KirbySirovich90,
  author = {M.~Kirby and L.~Sirovich},
  title = {Application of the {Karhunen-Lo\`eve} Procedure for the Characterization
	of Human Faces},
  journal = {IEEE Transactions on Pattern Analysis and Machine Intelligence},
  year = {1990},
  volume = {12},
  pages = {103--108},
  number = {1},
  month = jan
}

@INPROCEEDINGS{KlaSim95,
  author = { N.~ Klasner and H.~U.~ Simon },
  title = { From Noise-Free to Noise-Tolerant and from On-line to Batch Learning},
  booktitle = {Proceedings of the Eighth Annual Conference on Computational Learning
	Theory},
  year = {1995},
  pages = {250--257},
  address = {Santa Cruz, CA},
  month = jul,
  publisher = {ACM Press}
}

@INPROCEEDINGS{KohMuePaw97,
  author = {J.~Kohlmorgen and K.-R.~{M\"uller} and K.~Pawelzik},
  title = {Analysis of Drifting Dynamics with Neural Network Hidden Markov Models},
  booktitle = {Advances in Neural Information Processing Systems 10},
  year = {1998},
  editor = {M.~Jordan and M.~Kearns and S.~Solla},
  address = {Cambridge, MA},
  publisher = {MIT Press}
}

@ARTICLE{Kohonen82,
  author = {T.~Kohonen},
  title = {Self-organized formation of topologically correct feature maps},
  journal = {Biological Cybernetics},
  year = {1982},
  volume = {43},
  pages = {59~-~69}
}

@ARTICLE{KoiSon97,
  author = {P.~Koiran and E.~D.~Sontag},
  title = {Neural Networks with Quadratic {VC} Dimension},
  journal = {Journal of Computer and System Sciences},
  year = {1997},
  volume = {54},
  pages = {190--198},
  number = {1}
}

@ARTICLE{Kolmogorov65,
  author = {A.~N.~Kolmogorov},
  title = {Three approaches to the quantitative definition of information},
  journal = {Problems of Information Transmission},
  year = {1965},
  volume = {1},
  pages = {1~-~7}
}

@BOOK{KolFom70,
  title = {Introductory Real Analysis},
  publisher = {Prentice-Hall, Inc.},
  year = {1970},
  author = {A.~N.~Kolmogorov and S.~V.~Fomin}
}

@ARTICLE{KraMez87,
  author = {W.~Krauth and M.\~M\'{e}zard},
  title = {Learning algorithms with optimal stability in neural networks},
  journal = {J.\ Phys. A},
  year = {1987},
  volume = {20},
  pages = {L745--L752}
}

@INPROCEEDINGS{Kressel91,
  author = {U.~Kre{\ss}el},
  title = {The Impact of the Learning--Set Size in Handwritten--Digit Recognition},
  booktitle = {Artificial Neural Networks --- {ICANN'91}},
  year = {1991},
  editor = {T.~Kohonen et al.},
  pages = {1685~-~1689},
  address = {Amsterdam},
  publisher = {North--Holland}
}

@INPROCEEDINGS{Kressel97,
  author = {U.~Kre{\ss}el},
  title = {Polynomial Classifiers and Support Vector Machines},
  booktitle = {Artificial Neural Networks --- {ICANN'97}},
  year = {1997},
  editor = {W.~Gerstner et al.},
  pages = {397~-~402},
  address = {Berlin},
  publisher = {Springer Lecture Notes in Computer Science, Vol.~1327}
}

@INCOLLECTION{KreSch97,
  author = {U.~Kre{\ss}el and J.~{Sch\"urmann}},
  title = {Pattern Classification Techniques Based on Function Approximation},
  booktitle = {Handbook on Optical Character Recognition and Document Analysis},
  publisher = {World Scientific Publishing Company},
  year = {1997},
  editor = {H.~Bunke and P. S. P.~Wang},
  pages = {49~-~78},
  address = {Singapore}
}

@INPROCEEDINGS{Krovi1995,
  author = {Krovi, V. and Kumar, V.},
  title = {Optimal Traction Control in a Wheelchair with Legs and Wheels},
  booktitle = {Proceedings of the 4th National Applied Mechanisms and Robotics Conference},
  year = {1995},
  pages = {AMR-030}
}

@INPROCEEDINGS{KuhTuc51,
  author = {H.~W.~Kuhn and A.~W.~Tucker},
  title = {Nonlinear Programming},
  booktitle = {Proc.~$2^{nd}$ Berkeley Symposium on Mathematical Statistics and
	Probabilistics},
  year = {1951},
  pages = {481--492},
  address = {Berkeley},
  publisher = {University of California Press}
}

@MISC{youtubewalkvideo1,
  author = {Jason Kulk},
  title = {Nao Walk Comparison [Video]},
  howpublished = {Available at \href{http://www.youtube.com/watch?v=x9mCOxKE4I0}{http://www.youtube.com/watch?v=x9mCOxKE4I0}},
  month = {August},
  year = {2008},
  bdsk-url-1 = {http://www.youtube.com/watch?v=x9mCOxKE4I0},
  date-added = {2008-08-12 23:34:32 +1000},
  date-modified = {2008-08-13 00:19:56 +1000},
  url = {http://www.youtube.com/watch?v=x9mCOxKE4I0},
  urldate = {12/8/2008}
}

@INPROCEEDINGS{JasonsAcraPaper,
  author = {Jason Kulk and James Welsh},
  title = {A Low Power Walk for the NAO Robot},
  booktitle = {Proceedings of ACRA},
  year = {2008},
  date-added = {2008-10-31 11:22:49 +1100},
  date-modified = {2008-10-31 11:24:22 +1100}
}

@BOOK{Koenig86,
  title = {Eigenvalue Distribution of Compact Operators},
  publisher = {Birkh{\"a}user},
  year = {1986},
  author = {H.~K{\"o}nig},
  address = {Basel}
}

@INPROCEEDINGS{Lambert69,
  author = {P.F.\ Lambert},
  title = {Designing pattern categorizers with extremal paradigm information},
  booktitle = {Methodologies of Pattern Recognition},
  year = {1969},
  editor = {S.\ Watanabe},
  pages = {359--391},
  address = {New York, NY},
  publisher = {Academic Press}
}

@INCOLLECTION{Lampert69,
  author = {P.R. Lampert},
  title = {Designing pattern categories with extremal paradigm information},
  booktitle = {Methodologies of Pattern Recognition},
  publisher = {Academic Press},
  year = {1969},
  editor = {M.S. Watanabe},
  address = {N.Y.}
}

@ARTICLE{LarHan96,
  author = {J.~Larsen and L.~K.~Hansen},
  title = {Linear Unlearning for Cross-Validation},
  journal = {Advances in Computational Mathematics},
  year = {1996},
  volume = {5},
  pages = {269-280}
}

@MISC{LeCunWeb,
  author = {Y. LeCun},
  title = {{MNIST} Handwritten Digit Database},
  note = {Available as http://www.research.att.com/$\sim$yann/ocr/mnist/}
}

@ARTICLE{LeCun89,
  author = {Y.~LeCun and B.~Boser and J.~S.~Denker and D.~Henderson and R.~E.~Howard
	and W.~Hubbard and L.~J.~Jackel},
  title = {Backpropagation applied to handwritten zip code recognition},
  journal = {Neural Computation},
  year = {1989},
  volume = {1},
  pages = {541~-~551}
}

@INPROCEEDINGS{LeCun95,
  author = {Y.~LeCun and L.~D.~Jackel and L.~Bottou and A.~Brunot and C.~Cortes
	and J.~S.~Denker and H.~Drucker and I.~Guyon and U.~A.~M{\"u}ller
	and E.~S{\"a}ckinger and P.~Simard and V.~Vapnik},
  title = {Comparison of learning algorithms for handwritten digit recognition},
  booktitle = {Proceedings {ICANN'95} --- International Conference on Artificial
	Neural Networks},
  year = {1995},
  editor = {F.~Fogelman-Souli{\'{e}} and P.~Gallinari},
  volume = {II},
  pages = {53~-~60},
  address = {Nanterre, France},
  publisher = {EC2},
  note = {The MNIST benchmark data is available from http://www.research.att.com/$\sim$yann/ocr/mnist/}
}

@ARTICLE{LeeBarWil98,
  author = {W. S. Lee and P. L. Bartlett and R. C. Williamson},
  title = {The Importance of Convexity in Learning with Squared Loss},
  journal = {IEEE Transactions on Information Theory},
  year = {1998},
  note = {to appear}
}

@INPROCEEDINGS{LeeBarWil95,
  author = {W. S. Lee and P. L. Bartlett and R. C. Williamson},
  title = {On efficient agnostic learning of linear combinations of basis functions},
  booktitle = {Proc. 8th Annu. Workshop on Comput. Learning Theory},
  year = {1995},
  pages = {369--376},
  publisher = {ACM Press, New York, NY}
}

@MISC{LeggedLeague,
  author = {{Legged League}},
  title = {RoboCup Legged League web site},
  year = {2003},
  note = {http://www.openr.org/robocup/index.html}
}

@ARTICLE{Li86,
  author = {K.~C.~Li},
  title = {Asymptotic optimality of ${{C}}_{{L}}$ and generalized cross validation
	in ridge regression with application to spline smoothing},
  journal = {Ann. Statist.},
  year = {1986},
  volume = {14},
  pages = {1101--1112}
}

@ARTICLE{LiePawSch91,
  author = {W.~Liebert and K.~Pawelzik and H.~G.~Schuster},
  title = {Optimal embeddings of chaotic attractors from topological considerations},
  journal = {Europhys.~Lett.},
  year = {1991},
  volume = {14},
  pages = {521~-~526}
}

@ARTICLE{LilKugChr94,
  author = {B.~Lillekjendlie and D.~Kugiumtzis and N.~Christophersen},
  title = {Chaotic Time Series: Part {II}. System Identification and Prediction},
  journal = {Modeling, Identification and Control},
  year = {1994},
  volume = {15},
  pages = {225--243},
  number = {4}
}

@TECHREPORT{LitWar86,
  author = {N.~Littlestone and M.~Warmuth},
  title = {Relating Data Compression and Learnability},
  institution = {University of California Santa Cruz},
  year = {1986}
}

@INPROCEEDINGS{Long98,
  author = {P.M. Long},
  title = {The complexity of learning according to two models of a drifting
	environment},
  booktitle = {Proceedings of the 11th Annual Conference on Computational Learning
	Theory},
  year = {1998},
  pages = {116--125},
  publisher = {ACM Press}
}

@ARTICLE{Lorenz63,
  author = {E.~N.~Lorenz},
  title = {Deterministic nonperiodic flow},
  journal = {J.~Atmos. Sci.},
  year = {1963},
  volume = {20},
  pages = {130--141}
}

@INPROCEEDINGS{LoyBar97,
  author = {G.~Loy and P.~L.~Bartlett},
  title = {Generalization and the size of the weights: an experimental study},
  booktitle = {Proceedings of the Eighth Australian Conference on Neural Networks},
  year = {1997},
  pages = {60--64}
}

@BOOK{Luenberger73,
  title = {Introduction to Linear and Nonlinear Programming},
  publisher = {Addison-Wesley},
  year = {1973},
  author = {D.~G.~Luenberger},
  address = {Reading, MA}
}

@ARTICLE{LiuLeeChoJuaRos95,
  author = {C.-S. Lui and C.-H. Lee and W. Chou and B.-H. Juang and A. E. Rosenberg},
  title = {A study on minimum error discriminative training for speaker recognition},
  journal = {Journal of the Acoustical Society of America},
  year = {1995},
  volume = {97},
  pages = {637-648},
  number = {1}
}

@BOOK{MueRei90,
  title = {Neural Networks: An Introduction},
  publisher = {Springer Verlag},
  year = {1990},
  author = {B.~{M\"uller} and J.~Reinhardt}
}

@INPROCEEDINGS{MueSmoRaeSchKohVap97,
  author = {K.-R.~{M\"uller} and A.~Smola and G.~{R\"atsch} and B.~{Sch\"ol\-kopf}
	and J.~Kohlmorgen and V.~Vapnik},
  title = {Predicting Time Series with Support Vector Machines},
  booktitle = {Artificial Neural Networks --- {ICANN'97}},
  year = {1997},
  editor = {W.~Gerstner and A.~Germond and M.~Hasler and J.-D.~Nicoud},
  pages = {999~-~1004},
  address = {Berlin},
  publisher = {Springer Lecture Notes in Computer Science, Vol.~1327}
}

@ARTICLE{MaassNatschlaegerMarkramNC2002,
  author = {Maass, Wolfgang and Natschl{\"a}ger, Thomas and Markram, Henry},
  title = {Real-Time Computing Without Stable States: A New Framework for Neural
	Computation Based on Pertubations},
  journal = {Neural Computation},
  year = {2002},
  volume = {14},
  pages = {2531--2560}
}

@ARTICLE{MacKay92,
  author = {D.~J.~C.~MacKay},
  title = {The evidence framework applied to classification networks},
  journal = {Neural Computation},
  year = {1992},
  volume = {4},
  pages = {720--736}
}

@ARTICLE{MacKay92a,
  author = {D.~J.~C.~MacKay},
  title = {Bayesian Interpolation},
  journal = {Neural Computation},
  year = {1992},
  volume = {4},
  pages = {415--447}
}

@ARTICLE{MacKay92b,
  author = {D.~J.~C.~MacKay},
  title = {A practical {Bayesian} framework for backprop networks},
  journal = {Neural Computation},
  year = {1992},
  volume = {4},
  pages = {448--472}
}

@ARTICLE{MacGla77,
  author = {M.~C.~Mackey and L.~Glass},
  title = {Oscillation and chaos in physiological control systems},
  journal = {Science},
  year = {1977},
  volume = {197},
  pages = {287--289}
}

@BOOK{Mallat98,
  title = {A Wavelet Tour of Signal Processing},
  publisher = {Academic Press},
  year = {1998},
  author = {S. Mallat}
}

@ARTICLE{Mangasarian97,
  author = {O.~L.~Mangasarian},
  title = {Mathematical Programming in Data Mining},
  journal = {Data Mining and Knowledge Discovery},
  year = {1997},
  volume = {42},
  pages = {183--201},
  number = {1}
}

@BOOK{Mangasarian69,
  title = {Nonlinear Programming},
  publisher = {SIAM},
  year = {1994},
  author = {O. L. Mangasarian},
  address = {Philadelphia, PA}
}

@ARTICLE{Mangasarian94,
  author = {O.~L.~Mangasarian},
  title = {Misclassification minimization},
  journal = {J.~Global Optimization},
  year = {1994},
  volume = {5},
  pages = {309--323}
}

@ARTICLE{Mangasarian68,
  author = {O.~L.~Mangasarian},
  title = {Multi-surface method of pattern separation},
  journal = {IEEE Transactions on Information Theory},
  year = {1968},
  volume = {IT-14},
  pages = {801--807}
}

@ARTICLE{ManMey79,
  author = {O.~L.~Mangasarian and R.~Meyer},
  title = {Nonlinear Perturbations of Linear programs},
  journal = {SIAM Journal on Control and Optimization},
  year = {1979},
  volume = {17},
  pages = {745--752},
  number = {6}
}

@INPROCEEDINGS{ManSetWol90,
  author = {O.~L.~Mangasarian and R.~Setiono and W.~H.~Wolberg},
  title = {Pattern Recognition via Linear Programming: Theory and Application
	to Medical Diagnosis},
  year = {1990},
  pages = {22--31}
}

@ARTICLE{Mangasarian65,
  author = {O.~L.~Mangasiarian},
  title = {Linear and Nonlinear Separation of Patterns by Linear Programming},
  journal = {Operations Research},
  year = {1965},
  volume = {13},
  pages = {444--452}
}

@ARTICLE{MarGolRuj89,
  author = {M. Marchand and M. Golea and P. Ruj\'an},
  title = {Convergence Theorem for Sequential Learning in Two Layer Perceptrons},
  journal = {Europhysics Letters},
  year = {1989},
  volume = {11},
  pages = {487--492}
}

@ARTICLE{Marsland2003,
  author = {Marsland, Stephen},
  title = {Novelty Detection in Learning Systems},
  journal = {Neural Computing Surveys},
  year = {2003},
  volume = {3},
  pages = {157--195}
}

@BOOK{matlab,
  title = {User's Guide},
  publisher = {The MathWorks, Inc.},
  year = {1992},
  author = {{MATLAB}},
  address = {Natick, MA 01760}
}

@ARTICLE{Matthies2002,
  author = {Matthies, L. and Xiong, Y. and Hogg, R. and Zhu, D. and Rankin, A.
	and Kennedy, B. and Hebert, M. and Maclachlan, R. and Won, C. and
	Frost, T. and Sukhatme, G. and McHenry, M. and Goldberg, S.},
  title = {A Portable, Autonomous, Urban Reconnaissance Robot},
  journal = {Robotics and Autonomous Systems},
  year = {2002},
  volume = {40},
  pages = {163--172},
  number = {2-3}
}

@INPROCEEDINGS{McMillen06switch,
  author = {Colin McMillen and Manuela Veloso},
  title = {Distributed, Play-Based Role Assignment for Robot Teams in Dynamic
	Environments},
  booktitle = {DARS 2006},
  year = {2006},
  month = {July}
}

@ARTICLE{Mercer09,
  author = {J.~Mercer},
  title = {Functions of positive and negative type and their connection with
	the theory of integral equations},
  journal = {Philos.~Trans.~Roy.~Soc.~London},
  year = {1909},
  volume = {A 209},
  pages = {415--446}
}

@MISC{MerMur98,
  author = {C. J. Merz and P. M. Murphy},
  title = {{UCI} Repository of Machine Learning Databases},
  year = {1998},
  note = {[http://www.ics.uci.edu/$\sim$mlearn/MLRepository.html]. Irvine,
	CA: University of California, Department of Information and Computer
	Science}
}

@ARTICLE{Micchelli86,
  author = {C.~A.~Micchelli},
  title = {Interpolation of scattered data: distance matrices and conditionally
	positive definite functions},
  journal = {Constructive Approximation},
  year = {1986},
  volume = {2},
  pages = {11--22}
}

@ARTICLE{Middleton1988,
  author = {R.~H. Middleton and G.~C. Goodwin and D.~J. Hill and D.~Q. Mayne},
  title = {Design Issues in Adaptive Control},
  journal = {{IEEE} Transactions on Automatic Control},
  year = {1988},
  volume = {33},
  pages = {50--58},
  number = {1}
}

@INPROCEEDINGS{MikSchSmoMueRaeSch99,
  author = {S.~Mika and B.~{Sch\"olkopf} and A.~Smola and K.-R.~{M\"uller} and
	M.~Scholz and G.~{R\"atsch}},
  title = {Kernel {PCA} and De-noising in feature spaces},
  booktitle = {Advances in Neural Information Processing Systems 11},
  year = {1998}
}

@INPROCEEDINGS{Moody92,
  author = {J.~Moody},
  title = {The {\em effective} number of parameters: An Analysis of Generalization
	and Regularization in Non-linear learning systems},
  booktitle = {Advances in Neural information processings systems 4},
  year = {1992},
  editor = {S.~J.~Hanson J.~Moody and R.~P.~Lippman},
  pages = {847--854},
  address = {San Mateo, CA},
  publisher = {Morgan Kaufman}
}

@ARTICLE{MooDar89,
  author = {J.~Moody and C.~Darken},
  title = {Fast learning in networks of locally-tuned processing units},
  journal = {Neural Computation},
  year = {1989},
  volume = {1},
  pages = {281--294},
  number = {2},
  key = {Moody}
}

@ARTICLE{MorTor91,
  author = {J.~More and G.~Toraldo},
  title = {On the Solution of Large Quadratic Programming Problems with {B}
	ound Constraints},
  journal = {SIAM Optimization},
  year = {1991},
  volume = {1},
  pages = {93--113},
  number = {1}
}

@BOOK{Morozov84,
  title = {Methods for Solving Incorrectly Posed Problems},
  publisher = {Springer Verlag},
  year = {1984},
  author = {V.~A.~Morozov}
}

@BOOK{MosRou73,
  title = {Sturdy Statistics},
  publisher = {Addison-Wesley},
  year = {1973},
  author = {F.~Mosteller and R. Rourke},
  address = {Reading, MA}
}

@INPROCEEDINGS{MukOsuGir97,
  author = {S.~Mukherjee and E.~Osuna and F.~Girosi},
  title = {Nonlinear Prediction of Chaotic Time Series using a Support Vector
	Machine},
  booktitle = {Neural Networks for Signal Processing VII --- Proceedings of the
	1997 {IEEE} Workshop},
  year = {1997},
  editor = {J.~Principe and L.~Gile and N.~Morgan and E.~Wilson},
  pages = {511~-~520},
  address = {New York},
  publisher = {IEEE}
}

@UNPUBLISHED{MurAha92,
  author = {P. M.~Murphy and D. W.~Aha},
  title = {{UCI} Repository of Machine Learning Databases},
  note = {Department of Information and Computer Science, University of California,
	Irvine, California},
  year = {1992}
}

@TECHREPORT{MurSau93,
  author = {B.~A.~Murtagh and M.~A.~Saunders},
  title = {{MINOS} 5.4 User's Guide},
  institution = {Stanford University},
  year = {1993},
  type = {Technical Report},
  number = {{SOL} 83.20}
}

@BOOK{Murthy83,
  title = {Linear Programming},
  publisher = {John Wiley \& Sons},
  year = {1983},
  author = {K.-G.~Murthy},
  address = {New York, New York}
}

@ARTICLE{MurKasSal94,
  author = {S.~Murthy and S.~Kasif and S.~Salzberg},
  title = {A System for Induction of Oblique Decision Trees},
  journal = {Journal of Artificial Intelligence Research},
  year = {1994},
  volume = {2},
  pages = {1--32}
}

@BOOK{Muybridge1957,
  title = {Animals in motion},
  publisher = {New Dover Edition, Dover Publications, Inc.},
  year = {1957},
  author = {Muybridge, E.},
  address = {New York, NY},
  note = {First published 1899, London}
}

@ARTICLE{MueKohPaw95,
  author = {K.--R.~M{\"u}ller and J.~Kohlmorgen and K.~Pawelzik},
  title = {Analysis of Switching Dynamics with Competing Neural Networks},
  journal = {IEICE Transactions on Fundamentals of Electronics, Communications
	and Computer Sciences},
  year = {1995},
  volume = {E78--A},
  pages = {1306--1315},
  number = {10}
}

@BOOK{MezParVir87,
  title = {Spin Glass Theory and Beyond},
  publisher = {World Scientific},
  year = {1987},
  author = {M.~M{\'e}zard and G.~Parisi and M.G.~Virasoro},
  address = {Singapore}
}

@ARTICLE{NagAka94,
  author = {I.~Nagayama and N.~Akamatsu},
  title = {Approximation of Chaotic Behavior by Using Neural Network},
  journal = {IEICE Trans. Inf. \& Syst.},
  year = {1994},
  volume = {E77-D},
  number = {4}
}

@ARTICLE{Nash56,
  author = {J.~Nash},
  title = {The embedding problem for Riemannian manifolds},
  journal = {Annals of Mathematics},
  year = {1956},
  volume = {63},
  pages = {20~-~63}
}

@ARTICLE{NatschlaegerMaassMarkram2002,
  author = {Natschl{\"a}ger, Thomas and Maass, Wolfgang and Markram, Henry},
  title = {The ``Liquid Computer": A Novel Strategy for Real-Time Computing
	on Time Series},
  journal = {Special Issue on Foundations of Information Processing of TELEMATIK},
  year = {2002},
  volume = {8},
  pages = {39-43},
  number = {1}
}

@BOOK{Neal96,
  title = {Bayesian Learning in Neural Networks},
  publisher = {Springer Verlag},
  year = {1996},
  author = {R.~Neal}
}

@TECHREPORT{Neal94,
  author = {R.~Neal},
  title = {Priors for Infinite Networks},
  institution = {Dept. of Computer Science, University of Toronto},
  year = {1994},
  number = {CRG-TR-94-1}
}

@TECHREPORT{Nicklin2005,
  author = {Nicklin, S},
  title = {Object Recognition in Robotic Soccer},
  institution = {University of Newcastle},
  year = {2005},
  note = {Available at http://robots.newcastle.edu.au/publications.html}
}

@BOOK{Nilsson65,
  title = {{L}earning machines: {F}oundations of {T}rainable {P}attern {C}lassifying
	{S}ystems},
  publisher = {McGraw-Hill},
  year = {1965},
  author = {N. J.~Nilsson}
}

@WEBSITE{JAMA,
  url = {http://math.nist.gov/javanumerics/jama/},
  author = {National Insitiute Of Standards : NIST},
  title = {JAMA : A Java Matrix Package},
  year = {2009},
  month = {June},
  owner = {admin},
  timestamp = {2009.12.10}
}

@ARTICLE{NiyGir96,
  author = {P.~Niyogi and F.~Girosi},
  title = {On The Relationship Between Generalization Error, Hypothesis Complexity,
	And Sample Complexity For Radial Basis Functions},
  journal = {Neural Computation},
  year = {1996},
  volume = {8},
  pages = {819--842}
}

@ARTICLE{OdeStoPenHumZum92,
  author = {S.~Odewahn and E.~Stockwell and R.~Pennington and R Humphreys and
	W Zumach},
  title = {Automated star/galaxy discrimination with neural networks},
  journal = {Astronomical Journal},
  year = {1992},
  volume = {103},
  pages = {318--331},
  number = {1}
}

@BOOK{Oja83,
  title = {Subspace methods of pattern recognition},
  publisher = {John Wiley},
  year = {1983},
  author = {E.\ Oja},
  address = {New York, NY}
}

@ARTICLE{Oja82,
  author = {E.~Oja},
  title = {A simplified neuron model as a principal component analyzer},
  journal = {J.~Math.~Biology},
  year = {1982},
  volume = {15},
  pages = {267~-~273}
}

@ARTICLE{Okamoto58,
  author = {M.~Okamoto},
  title = {Some inequalities relating to the partial sum of binomial probabilities},
  journal = {Annals of the Institue of Statistical Mathematics},
  year = {1958},
  volume = {10},
  pages = {29--35}
}

@BOOK{Olver86,
  title = {Applications of Lie Groups to Differential Equations},
  publisher = {Springer-Verlag},
  year = {1986},
  author = {P.~J.~Olver}
}

@MISC{openr,
  author = {{OPEN-R}},
  title = {{OPEN-R SDK}},
  year = {2003},
  note = {http://openr.aibo.com}
}

@ARTICLE{Opper89,
  author = {M.~Opper},
  title = {Learning in Neural Networks: Solvable Dynamics},
  journal = {Europhysics Letters},
  year = {1989},
  volume = {8},
  pages = {389--392},
  number = {4}
}

@ARTICLE{OppHau91,
  author = {M. Opper and D. Haussler},
  title = {Generalization performance of Bayes optimal classification algorithm
	for learning a Perceptron},
  journal = {Physical Review Letters},
  year = {1991},
  volume = {66},
  pages = {2677}
}

@INCOLLECTION{OppKin96,
  author = {M.~Opper and W.~Kinzel},
  title = {Physics of Generalization},
  booktitle = {Physics of Neural Networks III},
  publisher = {Springer Verlag},
  year = {1996},
  editor = {E.~Domany J. L.~van~Hemmen and K.~Schulten},
  address = {New York}
}

@ARTICLE{OppKuhMie97,
  author = {M.~Opper and P.~Kuhlmann and A.~Mietzner},
  title = {Convexity, internal Representations and the statistical mechanics
	of neural networks},
  journal = {Europhysics Letters},
  year = {1997},
  volume = {37},
  pages = {31--36},
  number = {1}
}

@INPROCEEDINGS{OppWin99a,
  author = {M.~Opper and O.~Winther},
  title = {Mean Field Methods for Classification with Gaussian Processes},
  booktitle = {Advances in Neural Information Processing Systems 11},
  year = {1999},
  editor = {M. S. Kearns and S.~A.~Solla and D. A. Cohn},
  address = {Cambridge, MA},
  publisher = {{MIT} Press}
}

@UNPUBLISHED{OppWin99b,
  author = {M.~Opper and O.~Winther},
  title = {Gaussian Processes for Classification},
  note = {Submited to Neural Computation},
  year = {1999}
}

@INPROCEEDINGS{OrePapSinOsaPog97,
  author = {M.~Oren and C.~Papageorgiou and P.~ Sinha and E.~Osuna and T.~Poggio},
  title = {Pedestrian Detection Using Wavelet Templates},
  booktitle = {Proc. Computer Vision and Pattern Recognition},
  year = {1997},
  pages = {193--199},
  address = {Puerto Rico},
  month = jun # { 16--20}
}

@INPROCEEDINGS{OsuFreGir97,
  author = {E.~Osuna and R.~Freund and F.~Girosi},
  title = {An Improved Training Algorithm for Support Vector Machines},
  booktitle = {Neural Networks for Signal Processing VII --- Proceedings of the
	1997 {IEEE} Workshop},
  year = {1997},
  editor = {J.~Principe and L.~Gile and N.~Morgan and E.~Wilson},
  pages = {276~-~285},
  address = {New York},
  publisher = {IEEE}
}

@TECHREPORT{OsuFreGir96,
  author = {E.~Osuna and R.~Freund and F.~Girosi},
  title = {Support Vector Machines: Training and Applications},
  institution = {Massachusetts Institute of Technology},
  year = {1997},
  type = {AI Memo},
  number = {1602}
}

@INPROCEEDINGS{OsuFreGir97b,
  author = {E. Osuna and R. Freund and F. Girosi},
  title = {Training Support Vector Machines: An Application to Face Detection},
  booktitle = {Proc. Computer Vision and Pattern Recognition '97},
  year = {1997},
  pages = {130--136}
}

@INPROCEEDINGS{OsuGir98,
  author = {E.~Osuna and F.~Girosi},
  title = {Reducing run-time complexity in {SVMs}},
  booktitle = {Proceedings of the 14th Int'l Conf.\ on Pattern Recognition, Brisbane,
	Australia},
  year = {1998},
  note = {To appear.}
}

@ARTICLE{PacCruFarSha80,
  author = {N.~H.~Packard and J.~P.~Crutchfield and J.~D.~Farmer and R.~S.~Shaw},
  title = {Geometry from a time series},
  journal = {Phys.~Rev.~Lett.},
  year = {1980},
  volume = {45},
  pages = {712--716}
}

@INPROCEEDINGS{Parzen70,
  author = {E.~Parzen},
  title = {Statistical inference on time series by rkhs methods},
  booktitle = {Proceedings 12th Biennial Seminar},
  year = {1970},
  editor = {R.~Pyke},
  address = {Montreal},
  publisher = {Canadian Mathematical Congress},
  note = {1-37}
}

@ARTICLE{Parzen62,
  author = {E.~Parzen},
  title = {An approach to time series analysis},
  journal = {Ann. Math. Statist.},
  year = {1962},
  volume = {32},
  pages = {951--989}
}

@ARTICLE{Parzen62b,
  author = {E.\ Parzen},
  title = {On estimation of a probability density function and mode},
  journal = {Annals of Mathematical Statistics},
  year = {1962},
  volume = {33},
  pages = {1065--1076},
  number = {3}
}

@ARTICLE{PawKohMue96,
  author = {K.~Pawelzik and J.~Kohlmorgen and K.--R.~M{\"u}ller},
  title = {Annealed Competition of Experts for a Segmentation and Classification
	of Switching Dynamics},
  journal = {Neural Computation},
  year = {1996},
  volume = {8},
  pages = {342--358},
  number = {2}
}

@INPROCEEDINGS{PawMueKoh96,
  author = {K.~Pawelzik and K.-R.~M{\"u}ller and J.~Kohlmorgen},
  title = {Prediction of Mixtures},
  booktitle = {Artificial Neural Networks --- {ICANN'96}},
  year = {1996},
  editor = {C.~von der Malsburg and W.~von Seelen and J.~C.~Vorbr{\"u}ggen and
	B.~Sendhoff},
  pages = {127--133},
  address = {Berlin},
  publisher = {Springer Lecture Notes in Computer Science, Vol.~1112}
}

@ARTICLE{Pearson01,
  author = {K.~Pearson},
  title = {On Lines and Planes of Closest Fit to Points in Space},
  journal = {Philosophical Magazine},
  year = {1901},
  volume = {2 (sixth series)},
  pages = {559--572},
  kwds = {stat, svd, total least squares}
}

@ARTICLE{PetersenNarendra1982,
  author = {B. Peterson and K. Narendra},
  title = {Bounded error adaptive control"},
  journal = {{IEEE} Transactions on Automatic Control},
  year = {1982},
  volume = {27},
  pages = {1161--1168},
  number = {6}
}

@INPROCEEDINGS{Platt99,
  author = {J.~Platt},
  title = {Fast Training of Support Vector Machines using Sequential Minimal
	Optimization},
  booktitle = {Advances in Kernel Methods --- Support Vector Learning},
  year = {1999},
  editor = {B.~Sch{\"o}lkopf and C. J. C.~Burges and A. J.~Smola},
  pages = {185--208},
  address = {Cambridge, MA},
  publisher = {{MIT} Press}
}

@TECHREPORT{Platt98,
  author = {J.~C.~Platt},
  title = {Sequential Minimal Optimization: {A} Fast Algorithm for Training
	Support Vector Machines},
  institution = {Microsoft Research},
  year = {1998},
  number = {MSR-TR-98-14}
}

@ARTICLE{Platt91,
  author = {J.~C.~Platt},
  title = {A Resource-Allocating Network for Function Interpolation},
  journal = {Neural Computation},
  year = {1991},
  volume = {3},
  pages = {213--225},
  number = {2}
}

@ARTICLE{Poggio75,
  author = {T.~Poggio},
  title = {On Optimal Nonlinear Associative Recall},
  journal = {Biological Cybernetics},
  year = {1975},
  volume = {19},
  pages = {201--209}
}

@ARTICLE{PogGir90,
  author = {T.~Poggio and F.~Girosi},
  title = {Networks for Approximation and Learning},
  journal = {Proceedings of the {IEEE}},
  year = {1990},
  volume = {78},
  number = {9},
  month = sep
}

@ARTICLE{PogGir90b,
  author = {T.~Poggio and F.~Girosi},
  title = {Regularization algorithms for learning that are equivalent to multilayer
	networks},
  journal = {Science},
  year = {1990},
  volume = {247},
  pages = {978--982}
}

@ARTICLE{PonVer98,
  author = {M.~Pontil and A.~Verri},
  title = {Properties of Support Vector Machines},
  journal = {Neural Computation},
  year = {1997},
  volume = {10},
  pages = {955--974}
}

@INPROCEEDINGS{Powell87,
  author = {M.~J.~D.~Powell},
  title = {Radial Basis Functions for Multivariable Interpolation: {A} Review},
  booktitle = {Algorithms for Approximation, J.C.~Mason and M.G.~Cox (Eds.)},
  year = {1987},
  pages = {143--167},
  publisher = {Oxford Clarendon Press}
}

@BOOK{PreTeuVetFla92,
  title = {Numerical Recipes in {C}: The Art of Scientific Computing (2nd ed.)},
  publisher = {Cambridge University Press},
  year = {1992},
  author = {W.~H.~Press and S.~A.~Teukolsky and W.~T.~Vetterling and B.~P.~Flannery},
  address = {Cambridge}
}

@INPROCEEDINGS{PriKuo95,
  author = {J.~C.~Principe and J.~M.~Kuo},
  title = {Dynamic Modeling of Chaotic Time Series with Neural Networks},
  booktitle = {Advances in Neural Information Precessing Systems 7},
  year = {1995},
  editor = {J.~D.~Cowan and G.~Tesauro and J.~Alspector},
  address = {San Mateo, CA},
  publisher = {Morgan Kaufmann Publishers}
}

@ARTICLE{Prosser66,
  author = {R. T.~Prosser},
  title = {The $\varepsilon$--{E}ntropy and $\varepsilon$--{C}apacity of {C}ertain
	{T}ime--{V}arying {C}hannels},
  journal = {{J}ournal of {M}athematical {A}nalysis and {A}pplications},
  year = {1966},
  volume = {16},
  pages = {553--573}
}

@INPROCEEDINGS{Quinlan96,
  author = {J. R.~Quinlan},
  title = {Bagging, Boosting, and {C4.5}},
  booktitle = {Proceedings of the Thirteenth National Conference on Artificial Intelligence
	and the Eighth Innovative Applications of Artificial Intelligence
	Conference},
  year = {1996},
  pages = {725--730},
  address = {Menlo Park},
  publisher = {AAAI Press / MIT Press},
  isbn = {0-262-51091-X}
}

@BOOK{Quinlan93,
  title = {{C4}.5: Programs for Machine Learning},
  publisher = {Morgan Kaufmann},
  year = {1993},
  author = {J.~R.~Quinlan}
}

@TECHREPORT{NUBOT2004,
  author = {Quinlan, M. and Murch, C. and Moore, T. and Middelton, R. and Lee,
	Li. and King, R. and Chalup, S.},
  title = {The 2004 NUbots Team Report},
  institution = {University of Newcastle},
  year = {2004},
  type = {EECS Tech Report},
  note = {Available at http://robots.newcastle.edu.au/publications.html}
}

@TECHREPORT{NUBOT2006,
  author = {Quinlan, M.J. and Nicklin, S.P. and Henderson, N. and Fisher, R.
	and Chalup, S.K. and Middleton, R.H. and King, R.},
  title = {The 2006 NUbots Team Report},
  institution = {University of Newcastle},
  year = {2006},
  type = {{EECS} Technical Report},
  note = {Available at \url{http://robots.newcastle.edu.au/publications.html}}
}

@TECHREPORT{NUBOT2005,
  author = {Quinlan, M.J. and Nicklin, S.P. and Hong, K. and Henderson, N. and
	Young, S.R. and Moore, T.G. and Fisher, R. and Douangboupha, P.
	and Chalup, S.K. and Middleton, R.H. and King. R.},
  title = {The 2005 NUbots Team Report},
  institution = {University of Newcastle},
  year = {2005},
  type = {{EECS} Technical Report},
  note = {Available at http://robots.newcastle.edu.au/publications.html}
}

@PHDTHESIS{Quinlan2006,
  author = {Michael~J.~Quinlan},
  title = {Machine Learning on AIBO Robots},
  school = {The University of Newcastle},
  year = {2006}
}

@INPROCEEDINGS{QuinlanChalup2006,
  author = {Michael.~J. Quinlan and S.~K. Chalup},
  title = {Impact of Tactical Variations in the RoboCup Four-Legged League},
  booktitle = {Procedings of International Symposium on Practical Cognitive Agents
	and Robots},
  year = {2006},
  publisher = {University of Western Australia Press}
}

@INPROCEEDINGS{QuinlanMiddleton09,
  author = {Michael J. Quinlan and Richard H. Middleton},
  title = {Multiple Model Kalman Filters: A Localization Technique for RoboCup
	Soccer},
  booktitle = {Proceedings of the RoboCup International Symposium 2009},
  year = {2009}
}

@INPROCEEDINGS{QuiMuMiCha2003,
  author = {Quinlan, Michael~J. and Murch, Craig~L. and Middleton, Richard~H.
	and Chalup, Stephan~K.},
  title = {Traction Monitoring for Collision Detection with Legged Robots},
  booktitle = {RoboCup 2003 Symposium},
  year = {2003}
}

@TECHREPORT{GermanTeam2004,
  author = {T. R\"{o}fer and T. Laue and H-D. Burkhard and J. Hoffmann and M.
	J\"{u}ngel and D. G\"{o}ohring and M. L\"{o}otzsch and U. D\"{u}ffert
	and M. Spranger and . B. Altmeyer and V. Goetzke and O. v. Stryk
	and R. Brunn and M. Dassler and M. Kunz and M. Risler and M. Stelzer
	and D. Thomas and S. Uhrig and U. Schwiegelshohn and I. Dahm and
	M. Hebbel and W, Nistic\'{o} and C. Schumann and M.Wacher},
  title = {GermanTeam 2004},
  year = {2004},
  type = {Technical Report}
}

@PHDTHESIS{Rasmussen96,
  author = {C.~Rasmussen},
  title = {Evaluation of Gaussian Processes and Other Methods for Non-Linear
	Regression},
  school = {Department of Computer Science, University of Toronto},
  year = {1996},
  note = {ftp://ftp.cs.toronto.edu/pub/carl/thesis.ps.gz}
}

@BOOK{ReeSim80,
  title = {Method of modern mathematical physics. Vol.~1: Functional Analysis},
  publisher = {Academic Press},
  year = {1980},
  author = {M.~Reed and B.~Simon},
  address = {San Diego}
}

@ARTICLE{ReiCooElb82,
  author = {D.~Reilly and L.~N.~Cooper and C.~Elbaum},
  title = {A neural model for category learning},
  journal = {Biol.\ Cybern.},
  year = {1982},
  volume = {45},
  pages = {35~-~41.}
}

@INPROCEEDINGS{Reynolds97,
  author = {D. A. Reynolds},
  title = {Comparison of Background Normalization Methods for Text-Independent
	Speaker Verification},
  booktitle = {Proc. Eurospeech '97},
  year = {1997},
  pages = {963--966},
  address = {Rhodes, Greece},
  month = sep
}

@ARTICLE{Reynolds95,
  author = {D. A. Reynolds},
  title = {{Speaker identification and verification using Gaussian mixture speaker
	models}},
  journal = {Speech Communication},
  year = {1995},
  volume = {17},
  pages = {91--108}
}

@PHDTHESIS{Reynolds92,
  author = {D. A. Reynolds},
  title = {A Gaussian Mixture Modeling Approach to Text-Independent Speaker
	Identification},
  school = {Georgia Institute of Technology},
  year = {1992}
}

@INPROCEEDINGS{RidMadRic98,
  author = {G.~Ridgeway and D.~Madigan and T.~Richardson},
  title = {Boosting methodology for regression problems},
  booktitle = {Proc.\ 15th International Conference on Machine Learning},
  year = {1998},
  publisher = {Morgan Kaufmann}
}

@BOOK{Ripley96,
  title = {Pattern Recognition and Neural Networks},
  publisher = {Cambridge University Press},
  year = {1996},
  author = {B.~D.~Ripley},
  address = {Cambridge}
}

@ARTICLE{Rissanen78,
  author = {J.~Rissanen},
  title = {Modeling by Shortest Data Description},
  journal = {Automatica},
  year = {1978},
  volume = {14},
  pages = {465--471}
}

@BOOK{RitMarSch90,
  title = {Neuronale Netze: Eine Einf{\"{u}}hrung in die Neuroinformatik selbstorganisierender
	Abbildungen},
  publisher = {Addison-Wesley},
  year = {1990},
  author = {H.~J.~Ritter and T.~M.~Martinetz and K.~J.~Schulten},
  pages = {258},
  address = {Munich, Germany}
}

@ARTICLE{Ritzman2000,
  author = {Ritzman, R.E. and Quinn, R.D. and Watson, J.T. and Zill, S.N.},
  title = {Insect Walking and Biorobotics: A Relationship with Mutual Benefits},
  journal = {BioScience},
  year = {2000},
  volume = {50},
  pages = {22--33},
  nuumber = {1}
}

@ARTICLE{Rosenblatt58,
  author = {F.\ Rosenblatt},
  title = {The perceptron: A probabilistic model for information storage and
	organization in the brain},
  journal = {Psychological Review},
  year = {1958},
  volume = {65},
  pages = {386--408},
  number = {6}
}

@ARTICLE{RoyGovMir95,
  author = {A.~Roy and S.~Govil and R.~Miranda},
  title = {An algorithm to generate radial basis function ({RBF})-like nets
	for classification problems},
  journal = {Neural Networks},
  year = {1995},
  volume = {8},
  pages = {179--202},
  number = {2}
}

@ARTICLE{RoyKimMuk93,
  author = {A.~Roy and L.~S.~Kim and S.~Mukhopadhyay},
  title = {A Polynomial Time Algorithm for the Construction and Training of
	a Class of Multilayer Perceptrons},
  journal = {Neural Networks},
  year = {1993},
  volume = {6},
  pages = {535--545}
}

@ARTICLE{RoyMuk97,
  author = {A.~Roy and S.~Mukhopadhyay},
  title = {Iterative Generation of Higher-Order Nets in Polynomial Time Using
	Linear Programming},
  journal = {IEEE Transactions on Neural Networks},
  year = {1997},
  volume = {8},
  pages = {402--412},
  number = {2}
}

@ARTICLE{Rujan96,
  author = {P. Ruj\'an},
  title = {Playing Billiard in Version Space},
  journal = {Neural Computation},
  year = {1996},
  volume = {9},
  pages = {197--238}
}

@ARTICLE{RujMar89,
  author = {P. Ruj\'an and M. Marchand},
  title = {Learning by Minimizing Resources in Neural Networks},
  journal = {Complex Systems},
  year = {1989},
  volume = {3},
  pages = {229--242}
}

@BOOK{RumMccPDP86,
  title = {Parallel Distributed Processing: Explorations in the Microstructure
	of Cognition: {F}oundations},
  publisher = {MIT Press},
  year = {1986},
  author = {D.E.\ Rumelhart and J.L.\ McClelland and the PDP Research Group},
  volume = {1},
  address = {Cambridge, MA}
}

@INCOLLECTION{RumHinWil86a,
  author = {D.~E.~Rumelhart and G.~E.~Hinton and R.~J.~Williams},
  title = {Learning Internal Representations by Error Propagation},
  booktitle = {Parallel Distributed Processing},
  publisher = {MIT Press},
  year = {1986},
  editor = {D.~Rumelhart and J.~McClelland},
  volume = {1},
  pages = {318--362},
  address = {Cambridge, MA}
}

@ARTICLE{RumHinWil86,
  author = {D.~E.~Rumelhart and G.~E.~Hinton and R.~J.~Williams},
  title = {Learning Representations by Back-propagating Errors},
  journal = {Nature},
  year = {1986},
  volume = {323},
  pages = {533--536},
  number = {9},
  month = oct
}

@BOOK{RumHinWil86b,
  title = {Parallel Distributed Processing},
  publisher = {MIT Press},
  year = {1986},
  author = {D.~E.~Rumelhart and G.~E.~Hinton and R.~J.~Williams},
  address = {Cambridge, MA}
}

@MASTERSTHESIS{Raetsch98,
  author = {G.~R{\"a}tsch},
  title = {Ensemble Learning for Classification},
  school = {University of Potsdam},
  year = {1998},
  note = {in German}
}

@TECHREPORT{CheDonSau96,
  author = {M.~A.~Saunders {S.~S.~Chen, D.~L.~ Donoho}},
  title = {Atomic Decomposition by Basis Pursuit},
  institution = {Stanford University},
  year = {1996},
  number = {Dept. of Statistics Technical Report}
}

@BOOK{Saitoh88,
  title = {Theory of Reproducing Kernels and its Applications},
  publisher = {Longman Scientific \& Technical},
  year = {1988},
  author = {S.~Saitoh},
  address = {Harlow, England}
}

@ARTICLE{Samson1983,
  author = {C. Samson},
  title = {Stability Analysis of Adaptively Controlled Systems Subject to Bounded
	Disturbances},
  journal = {Automatica},
  year = {1983},
  volume = {19},
  pages = {81--86}
}

@ARTICLE{Sanger89,
  author = {T.~D.~Sanger},
  title = {Optimal unsupervised learning in a single-layer linear feedforward
	network},
  journal = {Neural Networks},
  year = {1989},
  volume = {2},
  pages = {459--473}
}

@ARTICLE{SauYorCas91,
  author = {T.~Sauer and J.~A.~Yorke and M.~Casdagli},
  title = {Embedology},
  journal = {J.~Stat. Phys.},
  year = {1991},
  volume = {65},
  pages = {579--616}
}

@TECHREPORT{SauStiWesBotSchSmo98,
  author = {C.~Saunders and M.~O.~Stitson and J.~Weston and L.~Bottou and B.~Sch{\"o}lkopf
	and A.~Smola},
  title = {Support Vector Machine - Reference Manual},
  institution = {Department of Computer Science, Royal Holloway, University of London},
  year = {1998},
  number = {CSD-TR-98-03},
  address = {Egham, TW20 0EX, UK},
  note = {TR available as http://www.dcs.rhbnc.ac.uk/research/compint/areas/comp\_learn/sv/pub/
	report98-03.ps; SVM available at http://svm.dcs.rhbnc.ac.uk/}
}

@INCOLLECTION{Schoelkopf96,
  author = {B.~{Sch\"olkopf}},
  title = {{K\"unstliches} {Lernen}},
  booktitle = {Komplexe adaptive Systeme (Forum {f\"ur} {Interdisziplin\"are} Forschung
	Bd.\ 15)},
  publisher = {{R\"oll}},
  year = {1996},
  editor = {S.~Bornholdt and P.~H.~Feindt},
  pages = {93~-~117},
  address = {Dettelbach}
}

@INCOLLECTION{Schoelkopf98gi,
  author = {B.~{Sch\"olkopf}},
  title = {Support-{V}ektor-{L}ernen},
  booktitle = {Ausgezeichnete Informatikdissertationen 1997},
  publisher = {Teubner},
  year = {1998},
  editor = {G.\ Hotz and H. Fiedler and P. Gorny and W. Grass and S. {H\"olldobler}
	and I. O. Kerner and R. Reischuk},
  pages = {135 -- 150},
  address = {Stuttgart}
}

@ARTICLE{Schoelkopf98,
  author = {B.~{Sch\"olkopf}},
  title = {{SVMs} --- a practical consequence of learning theory},
  journal = {IEEE Intelligent Systems},
  year = {1998},
  volume = {13},
  pages = {18 -- 21},
  note = {In: Trends and Controversies --- Support Vector Machines},
  issue = {4}
}

@BOOK{Schoelkopf97,
  title = {Support Vector Learning},
  publisher = {R.~Oldenbourg Verlag},
  year = {1997},
  author = {B.~{Sch\"olkopf}},
  address = {Munich},
  comment = {ISBN 3-486-24632-1}
}

@INPROCEEDINGS{SchBarSmoWil98,
  author = {B.~{Sch\"olkopf} and P.~Bartlett and A.~Smola and R.~Williamson},
  title = {Support Vector Regression with Automatic Accuracy Control},
  booktitle = {Proceedings of the 8th International Conference on Artificial Neural
	Networks},
  year = {1998},
  editor = {L.~Niklasson and M.~{Bod\'en} and T.~Ziemke},
  series = {Perspectives in Neural Computing},
  pages = {147 -- 152},
  address = {Berlin},
  publisher = {Springer Verlag}
}

@INPROCEEDINGS{SchBarSmoWil99,
  author = {B.~{Sch\"olkopf} and P.~Bartlett and A.~Smola and R.~Williamson},
  title = {Shrinking the tube: a new support vector regression algorithm},
  booktitle = {Advances in Neural Information Processing Systems 11},
  year = {1998}
}

@INPROCEEDINGS{SchBurVap96,
  author = {B.~{Sch\"olkopf} and C.~Burges and V.~Vapnik},
  title = {Incorporating Invariances in Support Vector Learning Machines},
  booktitle = {Artificial Neural Networks --- {ICANN'96}},
  year = {1996},
  editor = {C.~von der Malsburg and W.~von Seelen and J.~C.~Vorbr{\"u}ggen and
	B.~Sendhoff},
  pages = {47~-~52},
  address = {Berlin},
  publisher = {Springer Lecture Notes in Computer Science, Vol.~1112}
}

@BOOK{SchBurSmo98,
  title = {Advances in Kernel Methods --- Support Vector Learning},
  publisher = {MIT Press},
  year = {1999},
  author = {B.~{Sch\"olkopf} and C.~J.~C.~Burges and A.~J.~Smola},
  address = {Cambridge, MA}
}

@INPROCEEDINGS{SchSmo98,
  author = {B.~{Sch\"olkopf} and P.~Knirsch and A.~Smola and C.~Burges},
  title = {Fast Approximation of Support Vector Kernel Expansions, and an Interpretation
	of Clustering as Approximation in Feature Spaces},
  booktitle = {Mustererkennung 1998 --- 20.~DAGM-Symposium},
  year = {1998},
  editor = {P.~Levi and M.~Schanz and R.-J.~Ahlers and F.~May},
  series = {Informatik aktuell},
  pages = {124~--~132},
  address = {Berlin},
  publisher = {Springer}
}

@INPROCEEDINGS{SchMikSmoRaeMue98,
  author = {B.~{Sch\"olkopf} and S.~Mika and A.~Smola and G.~{R\"atsch} and K.-R.~{M\"uller}},
  title = {Kernel {PCA} Pattern Reconstruction \emph{via} Approximate Pre-Images},
  booktitle = {Proceedings of the 8th International Conference on Artificial Neural
	Networks},
  year = {1998},
  editor = {L.~Niklasson and M.~{Bod\'en} and T.~Ziemke},
  series = {Perspectives in Neural Computing},
  pages = {147 -- 152},
  address = {Berlin},
  publisher = {Springer Verlag}
}

@INPROCEEDINGS{SchSimSmoVap98,
  author = {B.~{Sch\"olkopf} and P.~Simard and A.~Smola and V.~Vapnik},
  title = {Prior knowledge in support vector kernels},
  booktitle = {Advances in Neural Information Processing Systems 10},
  year = {1998},
  editor = {M.~Jordan and M.~Kearns and S.~Solla},
  pages = {640~-~646},
  address = {Cambridge, MA},
  publisher = {MIT Press}
}

@INPROCEEDINGS{SchSmoMue97,
  author = {B.~{Sch\"olkopf} and A.~Smola and K.-R.~{M\"uller}},
  title = {Kernel principal component analysis},
  booktitle = {Artificial Neural Networks --- {ICANN'97}},
  year = {1997},
  editor = {W.~Gerstner and A.~Germond and M.~Hasler and J.-D.~Nicoud},
  pages = {583~-~588},
  address = {Berlin},
  publisher = {Springer Lecture Notes in Computer Science, Vol.~1327}
}

@ARTICLE{SchSmoMue98,
  author = {B.~{Sch\"olkopf} and A.~Smola and K.-R.~{M\"uller}},
  title = {Nonlinear component analysis as a kernel Eigenvalue problem},
  journal = {Neural Computation},
  year = {1998},
  volume = {10},
  pages = {1299--1319},
  issue = {5}
}

@TECHREPORT{SchSmoMue96,
  author = {B.~{Sch\"olkopf} and A.~Smola and K.-R.~{M\"uller}},
  title = {Nonlinear component analysis as a kernel Eigenvalue problem},
  institution = {Max-Planck-Institut {f\"ur} biologische Kybernetik},
  year = {1996},
  number = {44}
}

@INPROCEEDINGS{SchSmoMueBurVap98,
  author = {B.~{Sch\"olkopf} and A.~Smola and K.-R.~{M\"uller} and C.~Burges
	and V.~Vapnik},
  title = {Support Vector methods in learning and feature extraction},
  booktitle = {Proceedings of the Ninth Australian Conference on Neural Networks},
  year = {1998},
  editor = {T.~Downs and M.~Frean and M.~Gallagher},
  pages = {72~-~78},
  address = {Brisbane, Australia},
  publisher = {University of Queensland},
  comment = {Invited talk}
}

@ARTICLE{SchSmoMueBurVap98b,
  author = {B.~{Sch\"olkopf} and A.~Smola and K.-R.~{M\"uller} and C.~Burges
	and V.~Vapnik},
  title = {Support Vector methods in learning and feature extraction},
  journal = {Australian Journal on Intelligent Information Processing Systems},
  year = {1998},
  note = {Special issue with selected papers of ACNN'98; accepted for publication.}
}

@TECHREPORT{SchSmoWilBar98,
  author = {B.~{Sch\"olkopf} and A.~Smola and R.~Williamson and P.~Bartlett},
  title = {New Support Vector Algorithms},
  institution = {Royal Holloway College},
  year = {1998},
  type = {{NeuroCOLT} {Technical} {Report}},
  number = {NC-TR-98-031},
  address = {University of London, UK}
}

@ARTICLE{SchSunBurGirNiyPogVap97,
  author = {B.~{Sch\"olkopf} and K.~Sung and C.~Burges and F.~Girosi and P.~Niyogi
	and T.~Poggio and V.~Vapnik},
  title = {Comparing support vector machines with Gaussian kernels to radial
	basis function classifiers},
  journal = {IEEE Trans.\ Sign.\ Processing},
  year = {1997},
  volume = {45},
  pages = {2758~-~2765},
  issue = {11}
}

@UNPUBLISHED{SchSunBurGirNiyPogVap96,
  author = {B.~{Sch\"olkopf} and K.~Sung and C.~Burges and F.~Girosi and P.~Niyogi
	and T.~Poggio and V.~Vapnik},
  title = {Comparing support vector machines with Gaussian kernels to radial
	basis function classifiers},
  note = {A.I.~Memo No.~1599, Massachusetts Institute of Techology},
  year = {1996}
}

@BOOK{Schuermann96,
  title = {Pattern Classification: a unified view of statistical and neural
	approaches},
  publisher = {Wiley},
  year = {1996},
  author = {J.~{Sch\"urmann}},
  address = {New York}
}

@BOOK{Schalkoff89,
  title = {Digital Image Processing and Computer Vision},
  publisher = {John Wiley and Sons, Inc.},
  year = {1989},
  author = {R.~J.~Schalkoff}
}

@ARTICLE{Schapire90,
  author = {R.~Schapire},
  title = {The strength of weak learnability},
  journal = {Machine Learning},
  year = {1990},
  volume = {5},
  pages = {197--227},
  number = {2}
}

@ARTICLE{SchFreBarLee97,
  author = {R.~Schapire and Y.~Freund and P.~Bartlett and W.~Sun Lee},
  title = {Boosting the Margin: {A} New Explanation for the Effectiveness of
	Voting Methods},
  journal = {Annals of Statistics},
  year = {1998},
  note = {(To appear. An earlier version appeared in: D.H.~{Fisher, Jr.} (ed.),
	Proceedings ICML97, Morgan Kaufmann.)}
}

@INPROCEEDINGS{SchSin98,
  author = {R.~Schapire and Y.~Singer},
  title = {Improved boosting algorithms using confidence-rated predictions},
  booktitle = {Proc.\ 11th Annual Conference on Computational Learning Theory},
  year = {1998},
  pages = {80--91},
  address = {New York, NY},
  publisher = {ACM Press}
}

@MISC{Schmidt98,
  author = {M. Schmidt},
  title = {Private Communication},
  year = {1998}
}

@INPROCEEDINGS{Schmidt96,
  author = {M.~Schmidt},
  title = {Identifying Speakers with Support Vectors Networks},
  booktitle = {Proceedings of Interface '96},
  year = {1996},
  address = {Sydney},
  month = jul
}

@INPROCEEDINGS{SchGis96,
  author = {M.~Schmidt and H.~Gish},
  title = {Speaker Identification via Support Vector Classifiers},
  booktitle = {Proc. ICASSP '96},
  year = {1996},
  pages = {105--108},
  address = {Atlanta, GA},
  month = may
}

@ARTICLE{Schoenberg42,
  author = {I.~Schoenberg},
  title = {Positive definite functions on spheres},
  journal = {Duke Math.~J.},
  year = {1942},
  volume = {9},
  pages = {96--108}
}

@ARTICLE{SchTakvan94,
  author = {J.~C.~Schouten and F.~Takens and C.~M.~van den Bleek},
  title = {Estimation of the dimension of a noisy attractor},
  journal = {Physical Review E},
  year = {1994},
  volume = {50},
  pages = {1851--1860},
  number = {3}
}

@INPROCEEDINGS{SchBen98,
  author = {H.~Schwenk and Y.~Bengio},
  title = {Training Methods for Adaptive Boosting of Neural Networks},
  booktitle = {Advances in Neural Information Processing Systems},
  year = {1998},
  editor = {Michael I. Jordan and Michael J. Kearns and Sara A. Solla},
  volume = {10},
  publisher = {The {MIT} Press}
}

@INCOLLECTION{SchBurVap95,
  author = {B.~Sch{\"o}l\-kopf and C.~Burges and V.~Vapnik},
  title = {Extracting support data for a given task},
  booktitle = {Proceedings, First International Conference on Knowledge Discovery
	\& Data Mining},
  publisher = {AAAI Press},
  year = {1995},
  editor = {U.~M.~Fayyad and R.~Uthurusamy},
  address = {Menlo Park, CA}
}

@ARTICLE{SchoelkopfEtalNC2001,
  author = {Sch{\"o}lkopf, B. and Platt, J.~C. and Shawe-{T}aylor, J. and Smola,
	A.~J. and Williamson, R.~C.},
  title = {Estimating the support of a high-dimensional distribution},
  journal = {Neural Computation},
  year = {2001},
  volume = {13},
  pages = {1443--1471}
}

@UNPUBLISHED{SchShaSmoWil99,
  author = {B.~Sch{\"o}lkopf and J.~Shawe--Taylor and A. J.~Smola and R. C.~Williamson},
  title = {Generalization Bounds via Eigenvalues of the {Gram} Matrix},
  note = {Submitted to COLT99},
  month = feb,
  year = {1999},
  institution = {Australian National University}
}

@BOOK{Schoelkopf2002,
  title = {Learning with Kernels, Support Vector Machines, Regularization, Optimization
	and Beyond},
  publisher = {The MIT Press},
  year = {2002},
  author = {Sch{\"o}lkopf, Bernhard and Smola, Alexander~J.}
}

@BOOK{Schurmann96,
  title = {Pattern Classification},
  publisher = {Wiley Interscience},
  year = {1996},
  author = {J.\ Sch{\"u}rmann},
  address = {New York, NY}
}

@BOOK{Scott92,
  title = {Multivariate Density Estimation},
  publisher = {Wiley-Interscience},
  year = {1992},
  author = {D. W~Scott},
  address = {New York}
}

@ARTICLE{SegRubZee92,
  author = {J.~Segman and J.~Rubinstein and Y.~Y.~Zeevi},
  title = {The canonical coordinates method for pattern deformation: theoretical
	and computational considerations},
  journal = {IEEE Transactions on Pattern Analysis and Machine Intelligence},
  year = {1992},
  volume = {14},
  pages = {1171~-~1183}
}

@ARTICLE{SeuSomTis92,
  author = {H.~S.~Seung and H.~Sompolinsky and N.~Tishby},
  title = {Statistical Mechanics of Learning From Examples},
  journal = {Physical Review A},
  year = {1992},
  volume = {45},
  pages = {6056--6091},
  number = {8}
}

@TECHREPORT{Seysener2003,
  author = {Seysener, C.},
  title = {Vision Processing for RoboCup 2003},
  institution = {University of Newcastle},
  year = {2003}
}

@BOOK{Shapiro2001,
  title = {Computer Vision},
  publisher = {Prentice Hall},
  year = {2001},
  author = {Shapiro, Linda~G. and Stockman, George~C.}
}

@INPROCEEDINGS{ShaBarWilAnt96,
  author = {J.~Shawe-Taylor and P.~Bartlett and R.~Williamson and M.~Anthony},
  title = {A framework for structural risk minimization},
  booktitle = {COLT},
  year = {1996}
}

@ARTICLE{ShaBarWilAnt98,
  author = {J.~Shawe-Taylor and P.~L.~Bartlett and R.~C.~Williamson and M.~Anthony},
  title = {Structural Risk Minimization over Data-Dependent Hierarchies},
  journal = {IEEE Transactions on Information Theory},
  year = {1998},
  volume = {44},
  pages = {1926-1940},
  number = {5}
}

@INPROCEEDINGS{ShaCri99,
  author = {J.~Shawe-Taylor and N.~Cristianini},
  title = { Margin Distribution Bounds on Generalization},
  booktitle = {Proceedings of the European Conference on Computational Learning
	Theory, EuroCOLT'99},
  year = {1999}
}

@INPROCEEDINGS{ShaCri98,
  author = {J.~Shawe-Taylor and N.~Cristianini},
  title = {Data-Dependent Structural Risk Minimisation for Perceptron Decision
	Trees},
  booktitle = {Advances in Neural Information Processing Systems 10},
  year = {1998}
}

@TECHREPORT{ShaCri98b,
  author = {J.~Shawe-Taylor and N.~Cristianini},
  title = {Robust bounds on the generalization from the margin distribution},
  institution = {Royal Holloway College},
  year = {1998},
  type = {{NeuroCOLT} {Technical} {Report}},
  number = {NC-TR-98-029},
  address = {University of London, UK}
}

@TECHREPORT{ShaCriNC98,
  author = {J.~Shawe-Taylor and Nello Cristianini},
  title = { Robust Bounds on Generalization from the Margin Distribution },
  institution = {ESPRIT NeuroCOLT2 Working Group},
  year = {1998},
  type = {{NeuroCOLT} {Technical} {Report}},
  number = {NC-TR-1998-020},
  address = {{http://www.neurocolt.com}}
}

@INPROCEEDINGS{SimLeCDen93,
  author = {P.~Simard and Y.~{LeCun} and J.~Denker},
  title = {Efficient pattern recognition using a new transformation distance},
  booktitle = {Advances in Neural Information Processing Systems 5},
  year = {1993},
  editor = {S.~J.~Hanson and J.~D.~Cowan and C.~L.~Giles},
  pages = {50--58},
  address = {San Mateo, CA},
  publisher = {Morgan Kaufmann}
}

@INPROCEEDINGS{SimVicLeCDen92,
  author = {P.~Simard and B.~Victorri and Y.~LeCun and J.~Denker},
  title = {Tangent Prop --- a formalism for specifying selected invariances
	in an adaptive network},
  booktitle = {Advances in Neural Information Processing Systems 4},
  year = {1992},
  editor = {J.~E.~Moody and S.~J.~Hanson and R.~P.~Lippmann},
  pages = {895--903},
  address = {San Mateo, CA},
  publisher = {Morgan Kaufmann}
}

@ARTICLE{Simon96,
  author = {Hans Ulrich Simon},
  title = {General bounds on the number of examples needed for learning probabilistic
	concepts},
  journal = {J. of Comput. Syst. Sci.},
  year = {1996},
  volume = {52},
  pages = {239--254},
  number = {2},
  note = {Earlier version in 6th COLT, 1993}
}

@ARTICLE{SkoYad73,
  author = {A.~Skorokhod and M.~Yadrenko},
  title = {On absolute continuity of measures corresponding to homogeneous {G}aussian
	fields},
  journal = {Theory of Probability and its Applications},
  year = {1973},
  volume = {XVIII},
  pages = {27--40}
}

@ARTICLE{Smith68,
  author = {F.~W.~Smith},
  title = {Pattern Classifier Design by Linear programming},
  journal = {IEEE Transactions on Computers},
  year = {1968},
  volume = {C-17},
  pages = {367--372}
}

@INPROCEEDINGS{SmoFriSch99,
  author = {A.~Smola and T.~Frie{\ss} and B.~{Sch\"olkopf}},
  title = {Semiparametric support vector and linear programming machines},
  booktitle = {Advances in Neural Information Processing Systems 11},
  year = {1998}
}

@INPROCEEDINGS{SmoMurSchMue98,
  author = {A.~Smola and N.~Murata and B.~{Sch\"olkopf} and K.-R.~{M\"uller}},
  title = {Asymptotically Optimal Choice of $\varepsilon$-Loss for Support Vector
	Machines},
  booktitle = {Proceedings of the 8th International Conference on Artificial Neural
	Networks},
  year = {1998},
  editor = {L.~Niklasson and M.~{Bod\'en} and T.~Ziemke},
  series = {Perspectives in Neural Computing},
  address = {Berlin},
  publisher = {Springer Verlag},
  note = {In press}
}

@INPROCEEDINGS{SmoSch98b,
  author = {A.~Smola and B.~{Sch\"olkopf}},
  title = {From regularization operators to support vector kernels},
  booktitle = {Advances in Neural Information Processing Systems 10},
  year = {1998},
  editor = {M.~Jordan and M.~Kearns and S.~Solla},
  pages = {343~-~349},
  address = {Cambridge, MA},
  publisher = {MIT Press}
}

@ARTICLE{SmoSch98,
  author = {A.~Smola and B.~{Sch\"olkopf}},
  title = {On a Kernel-based Method for Pattern Recognition, Regression, Approximation
	and Operator Inversion},
  journal = {Algorithmica},
  year = {1998},
  volume = {22},
  pages = {211~--~231}
}

@ARTICLE{SmoSch98rev,
  author = {A.~Smola and B.~{Sch\"olkopf}},
  title = {A Tutorial on Support Vector Regression},
  journal = {Statistics and Computing},
  year = {1998},
  note = {Invited paper, in press.}
}

@TECHREPORT{SmoSch97,
  author = {A.~Smola and B.~{Sch\"olkopf}},
  title = {On a Kernel-based Method for Pattern Recognition, Regression, Approximation
	and Operator Inversion},
  institution = {GMD},
  year = {1997},
  number = {1064},
  comment = {Published partially in {\em Algorithmica}}
}

@INPROCEEDINGS{SmoSchMue98,
  author = {A.~Smola and B.~{Sch\"olkopf} and K.-R.~{M\"uller}},
  title = {General cost functions for Support Vector Regression},
  booktitle = {Proc.\ of the Ninth Australian Conf.\ on Neural Networks},
  year = {1998},
  editor = {T.~Downs and M.~Frean and M.~Gallagher},
  pages = {79~-~83},
  address = {Brisbane, Australia},
  publisher = {University of Queensland}
}

@INPROCEEDINGS{SmoSchMue98c,
  author = {A.~Smola and B.~{Sch\"olkopf} and K.-R.~{M\"uller}},
  title = {Convex Cost Functions for Support Vector Regression},
  booktitle = {Proceedings of the 8th International Conference on Artificial Neural
	Networks},
  year = {1998},
  editor = {L.~Niklasson and M.~{Bod\'en} and T.~Ziemke},
  series = {Perspectives in Neural Computing},
  address = {Berlin},
  publisher = {Springer Verlag}
}

@ARTICLE{SmoSchMue98b,
  author = {A.~Smola and B.~Sch{\"o}lkopf and K.-R.~M{\"u}ller},
  title = {The Connection between Regularization Operators and Support Vector
	Kernels},
  journal = {Neural Networks},
  year = {1998},
  volume = {11},
  pages = {637--649}
}

@INPROCEEDINGS{SmoWilSch99,
  author = {A.~Smola and R.~Williamson and B.~{Sch\"olkopf}},
  title = {Generalization bounds for convex combinations of kernel functions},
  booktitle = {Advances in Neural Information Processing Systems 11},
  year = {1998},
  note = {Submitted.}
}

@PHDTHESIS{Smola98,
  author = {A.~J.~Smola},
  title = {Learning with Kernels},
  school = {Technische Universit{\"a}t Berlin},
  year = {1998}
}

@UNPUBLISHED{Smola96,
  author = {A.~J.~Smola},
  title = {Regression Estimation with Support Vector Learning Machines},
  note = {Diplomarbeit, Technische {Universit\"at} {M\"unchen}},
  year = {1996}
}

@INPROCEEDINGS{Sopena1999,
  author = {Sopena, J.~M. and Romero, E. and Alqu\'{e}zar, R.},
  title = {Neural networks with periodic and monotonic activation functions:
	a comparative study in classification problems},
  booktitle = {Proc. 9th International Conference on Artificial Neural Networks
	(ICANN99)},
  year = {1999},
  pages = {323-328}
}

@TECHREPORT{Nist96,
  author = {National Institute for Standards and Technology},
  title = {Speaker Recognition Workshop},
  institution = {Maritime Institute of Technology},
  year = {1996},
  month = mar
}

@ARTICLE{Stewart78,
  author = {J.~Stewart},
  title = {Positive Definite Funcions and Generalizations, an Historical Survey},
  journal = {Rocky Mountain Journal of Mathematics},
  year = {1978},
  volume = {6},
  pages = {409--434},
  number = {3}
}

@ARTICLE{Still2001,
  author = {Still, S. and Sch{\"o}lkopf, B. and Hepp, K. and Douglas,R.~J.},
  title = {Four-legged walking gait control using a neuromorphic chip interfaced
	to a support vector learning algorithm},
  journal = {Advances in Neural Information Processing Systems},
  year = {2001},
  pages = {741--747},
  publisher = {MIT Press}
}

@TECHREPORT{StiGamVapVovWatWes97,
  author = {M.~Stitson and A.~Gammerman and V.~Vapnik and V.~Vovk and C.~Watkins
	and J.~Weston},
  title = {Support vector regression with {ANOVA} decomposition kernels},
  institution = {Royal Holloway, University of London},
  year = {1997},
  number = {CSD-TR-97-22}
}

@TECHREPORT{Stitson96,
  author = {M.~O.~Stitson and J.~A.~E.~Weston and A.~Gammerman and V.~Vovk and
	V.~Vapnik},
  title = {Theory of Support Vector Machines},
  institution = {Royal Holloway, University of London},
  year = {1996},
  type = {Technical Report},
  number = {CSD-TR-96-17},
  month = dec
}

@ARTICLE{SweWen96,
  author = {D.~L.~Swets and J.~Weng},
  title = {Using discriminant {Eigenfeatures} for image retrieval},
  journal = {IEEE Transactions on Pattern Analysis and Machine Intelligence},
  year = {1996},
  volume = {18},
  pages = {831~-~836},
  issue = {8}
}

@INCOLLECTION{Takens81,
  author = {F.~Takens},
  title = {Detecting strange attractors in fluid turbulence},
  booktitle = {Dynamical Systems and Turbulence},
  publisher = {Springer-Verlag},
  year = {1981},
  editor = {D.~Rand and L. S.~Young},
  pages = {366--381},
  address = {Berlin}
}

@ARTICLE{Talagrand96,
  author = {M.~Talagrand},
  title = {The {G}livenko--{C}antelli problem, ten years later},
  journal = {Journal of Theoretical Probability},
  year = {1996},
  volume = {9},
  pages = {371--384},
  number = {2}
}

@ARTICLE{Talagrand94,
  author = {M. Talagrand},
  title = {Sharper bounds for gaussian and empirical processes},
  journal = {Annals of Probability},
  year = {1994},
  volume = {22},
  pages = {28--76}
}

@ARTICLE{Tarassenko1995,
  author = {Tarassenko, L. and Hayton, P. and Cerneaz, N. and Brady, M.},
  title = {Novelty detection for the identification of masses in mammograms},
  journal = {Proceedings Forth IEE International Conference on Artificial Neural
	Networks},
  year = {1995},
  pages = {442--447}
}

@ARTICLE{Thomas96,
  author = {W.~Thomas},
  title = {Database Marketing: Dual Approach Outdoes Response Modeling},
  journal = {Database Marketing News},
  year = {1996},
  pages = {26},
  month = jun
}

@TECHREPORT{Tibshirani94,
  author = {R.~Tibshirani},
  title = {Regression selection and shrinkage via the lasso},
  institution = {Department of Statistics, University of Toronto},
  year = {1994},
  month = jun,
  note = {ftp://utstat.toronto.edu/pub/tibs/lasso.ps}
}

@BOOK{TikArs77,
  title = {Solutions of Ill-posed Problems},
  publisher = {W.~H.~Winston},
  year = {1977},
  author = {A.~N.~Tikhonov and V.~Y.~Arsenin},
  address = {Washington, D.C.}
}

@BOOK{Todd1985,
  title = {Walking Machines - An Introduction to Legged Robots},
  publisher = {Korgan Page Ltd},
  year = {1985},
  author = {Todd, D.J.}
}

@ARTICLE{Valiant1984,
  author = {Valiant, Leslie~G.},
  title = {A Theory of the Learnable},
  journal = {Communications of the ACM},
  year = {1984},
  pages = {1134--1142},
  number = {27}
}

@TECHREPORT{Vanderbei94,
  author = {R.~Vanderbei},
  title = {{LOQO}: An Interior Point Code for Quadratic Programming},
  institution = {Princeton University},
  year = {1994},
  number = {SOR 94-15}
}

@TECHREPORT{Vanderbei97,
  author = {R.~J.~Vanderbei},
  title = {{LOQO} User's Manual -- Version 3.10},
  institution = {Princeton University, Statistics and Operations Research},
  year = {1997},
  number = {SOR-97-08},
  note = {Code available at http://www.princeton.edu/\~{}rvdb/}
}

@INCOLLECTION{Vapnik96,
  author = {V.~Vapnik},
  title = {Structure of Statistical Learning Theory},
  booktitle = {Computational and Probabalistic Reasoning},
  publisher = {Wiley},
  year = {1996},
  editor = {A.~Gammerman},
  chapter = {1},
  address = {Chichester}
}

@INCOLLECTION{Vapnik95b,
  author = {V.~Vapnik},
  title = {Inductive principles of statistics and learning theory},
  booktitle = {Mathematical Perspectives on Neural Networks},
  publisher = {Lawrence Erlbaum},
  year = {1995},
  editor = {P.~Smolensky and M.~C.~Mozer and D.~E.~Rumelhart},
  address = {Mahwah, NJ}
}

@BOOK{Vapnik98,
  title = {Statistical Learning Theory},
  publisher = {Wiley},
  year = {1998},
  author = {V.~Vapnik},
  address = {New York}
}

@BOOK{Vapnik95,
  title = {The Nature of Statistical Learning Theory},
  publisher = {Springer Verlag},
  year = {1995},
  author = {V.~Vapnik},
  address = {New York}
}

@BOOK{Vapnik79,
  title = {Estimation of Dependences Based on Empirical Data [in Russian]},
  publisher = {Nauka},
  year = {1979},
  author = {V.~Vapnik},
  address = {Moscow},
  note = {(English translation: Springer Verlag, New York, 1982)}
}

@ARTICLE{VapChe91,
  author = {V.~Vapnik and A.~Chervonenkis},
  title = {The necessary and sufficient conditions for consistency in the empirical
	risk minimization method},
  journal = {Pattern Recognition and Image Analysis},
  year = {1991},
  volume = {1},
  pages = {283--305},
  number = {3}
}

@ARTICLE{VapChe81,
  author = {V.~Vapnik and A.~Chervonenkis},
  title = {Necessary and Sufficient Conditions for the Uniform Convergence of
	Means to Their Expectations},
  journal = {Theory of Probability and its Applications},
  year = {1981},
  volume = {26},
  pages = {532--553},
  number = {3}
}

@BOOK{VapChe74,
  title = {Theory of Pattern Recognition [in Russian]},
  publisher = {Nauka},
  year = {1974},
  author = {V.~Vapnik and A.~Chervonenkis},
  address = {Moscow},
  note = {(German Translation: W.~Wapnik \& A.~Tscherwonenkis, {\em Theorie
	der Zeichenerkennung}, Akademie-Verlag, Berlin, 1979)}
}

@ARTICLE{VapChe71,
  author = {V.~Vapnik and A.~Chervonenkis},
  title = {On the uniform convergence of relative frequencies of events to their
	probabilities},
  journal = {Theory of Probability and its Applications},
  year = {1971},
  volume = {16},
  pages = {264--280},
  number = {2}
}

@ARTICLE{VapChe68,
  author = {V.~Vapnik and A.~Chervonenkis},
  title = {Uniform convergence of frequencies of occurence of events to their
	probabilities},
  journal = {Dokl. Akad. Nauk SSSR},
  year = {1968},
  volume = {181},
  pages = {915~-~918}
}

@ARTICLE{VapChe64,
  author = {V.~Vapnik and A.~Chervonenkis},
  title = {A note on one class of perceptrons},
  journal = {Automation and Remote Control},
  year = {1964},
  volume = {25},
  issue = {1}
}

@INPROCEEDINGS{VapGolSmo97,
  author = {V.~Vapnik and S.~Golowich and A.~Smola},
  title = {Support vector method for function approximation, regression estimation,
	and signal processing},
  booktitle = {Advances in Neural Information Processing Systems 9},
  year = {1997},
  editor = {M.~Mozer and M.~Jordan and T.~Petsche},
  pages = {281--287},
  address = {Cambridge, MA},
  publisher = {MIT Press}
}

@ARTICLE{VapLer63,
  author = {V.~Vapnik and A.~Lerner},
  title = {Pattern Recognition using Generalized Portrait Method},
  journal = {Automation and Remote Control},
  year = {1963},
  volume = {24},
  issue = {6}
}

@ARTICLE{VapLevLeC94,
  author = {V.~Vapnik and E.~Levin and Y.~Le Cun},
  title = {Measuring the {VC}-Dimension of a Learning Machine},
  journal = {Neural Computation},
  year = {1994},
  volume = {6},
  pages = {851--876},
  number = {5}
}

@TECHREPORT{CMU2004,
  author = {Veloso, M. and Rybski, P. and Chernova, S. and Vail, D. and Lenser,
	S. and McMillen, C. and Bruce, J. and Tamburrino, F. and Fasola,
	J. and Carson, M. and Trevor, A.},
  title = {{CMPack'04}: Team Report},
  institution = {Carnegie Mellon University},
  year = {2004}
}

@ARTICLE{VetPogBue94,
  author = {T.~Vetter and T.~Poggio and H.~B{\"u}lthoff},
  title = {The importance of symmetry and virtual views in three-dimensional
	object recognition},
  journal = {Current Biology},
  year = {1994},
  volume = {4},
  pages = {18~-~23}
}

@BOOK{Vidyasagar97,
  title = {A Theory of Learning and Generalization},
  publisher = {Springer},
  year = {1997},
  author = {M.~Vidyasagar},
  address = {New York}
}

@BOOK{Vilenkin68,
  title = {Special Functions and the Theory of Group Representations},
  publisher = {American Mathematical Society Press},
  year = {1968},
  author = {N.~Ya.~Vilenkin},
  volume = {22},
  series = {Translations of Mathematical Monographs},
  address = {Providence, NY}
}

@ARTICLE{VilWah87,
  author = {M.~Villalobos and G.~Wahba},
  title = {Inequality constrained multivariate smoothing splines with application
	to the estimation of posterior probabilities},
  journal = {J.~Am. Statist. Assoc.},
  year = {1987},
  volume = {82},
  pages = {239--248}
}

@INCOLLECTION{Wahba92,
  author = {G.~Wahba},
  title = {Multivariate function and operator estimation, based on smoothing
	splines and reproducing kernels},
  booktitle = {Nonlinear Modeling and Forecasting, SFI Studies in the Sciences of
	Complexity, Proc. Vol XII},
  publisher = {Addison-Wesley},
  year = {1992},
  editor = {M.~Casdagli and S.~Eubank},
  pages = {95--112}
}

@INCOLLECTION{Wahba82,
  author = {G.~Wahba},
  title = {Constrained regularization for ill posed linear operator equations,
	with applications in meteorology and medicine},
  booktitle = {Statistical Decision Theory and Related Topics, III, Vol.2},
  publisher = {Academic Press},
  year = {1982},
  editor = {S.~Gupta and J.~Berger},
  pages = {383--418}
}

@INCOLLECTION{Wahba99b,
  author = {G.~Wahba},
  title = {The Bias-Variance Tradeoff and the Randomized {GACV}},
  booktitle = {Advances in Neural Information Processing Systems},
  publisher = {{MIT} Press},
  year = {1999},
  editor = {M.~S.~Kearns, S.~A.~Solla, D.~A.~Cohn},
  volume = {11},
  address = {Cambridge, MA},
  note = {To appear}
}

@INPROCEEDINGS{Wahba99,
  author = {G.~Wahba},
  title = {Support Vector Machines, Reproducing Kernel Hilbert Spaces and the
	Randomized {GACV}},
  booktitle = {Advances in Kernel Methods --- Support Vector Learning},
  year = {1999},
  editor = {B.~Sch{\"o}lkopf and C. J. C.~Burges and A. J.~Smola},
  pages = {69--88},
  address = {Cambridge, MA},
  publisher = {{MIT} Press}
}

@INCOLLECTION{Wahba85b,
  author = {G.~Wahba},
  title = {Multivariate thin plate spline smoothing with positivity and other
	linear inequality constraints},
  booktitle = {Statistical Image Processing and Graphics},
  publisher = {Marcel Dekker},
  year = {1985},
  editor = {E.~Wegman and D.~dePriest},
  pages = {275--290}
}

@TECHREPORT{Wahba97,
  author = {G.~Wahba},
  title = {Support Vector Machines, Reproducing Kernel Hilbert Spaces and the
	Randomized {GACV}},
  institution = {Department of Statistics},
  year = {1997},
  number = {984},
  address = {University of Wisconsin, Madison},
  note = {NIPS 97 Workshop on Support Vector Machines}
}

@BOOK{Wahba90,
  title = {Spline Models for Observational Data},
  publisher = {{SIAM}},
  year = {1990},
  author = {G.~Wahba},
  volume = {59},
  series = {CBMS-NSF Regional Conference Series in Applied Mathematics},
  address = {Philadelphia}
}

@ARTICLE{Wahba85,
  author = {G.~Wahba},
  title = {A comparison of {GCV} and {GML} for choosing the smoothing parameter
	in the generalized spline smoothing problem},
  journal = {Ann. Statist.},
  year = {1985},
  volume = {13},
  pages = {1378--1402}
}

@ARTICLE{Wahba82a,
  author = {G.~Wahba},
  title = {Erratum: Spline interpolation and smoothing on the sphere},
  journal = {SIAM J.~Sci. Stat. Comput.},
  year = {1982},
  volume = {3},
  pages = {385--386}
}

@ARTICLE{Wahba82b,
  author = {G.~Wahba},
  title = {Erratum: Spline interpolation and smoothing on the sphere},
  journal = {SIAM J. Sci. Stat. Comput.},
  year = {1982},
  volume = {3},
  pages = {385--386}
}

@ARTICLE{Wahba81,
  author = {G.~Wahba},
  title = {Spline interpolation and smoothing on the sphere},
  journal = {SIAM J.~Sci. Stat. Comput.},
  year = {1981},
  volume = {2},
  pages = {5--16}
}

@ARTICLE{Wahba78,
  author = {G.~Wahba},
  title = {Improper priors, spline smoothing and the problem of guarding against
	model errors in regression},
  journal = {J.~Roy. Stat. Soc. Ser.~B},
  year = {1978},
  volume = {40},
  pages = {364--372}
}

@ARTICLE{Wahba73,
  author = {G.~Wahba},
  title = {Convergence rates of certain approximate solutions to {Fredholm}
	integral equations of the first kind},
  journal = {Journal of Approximation Theory},
  year = {1973},
  volume = {7},
  pages = {167~-~185}
}

@ARTICLE{WahJohGaoGon95,
  author = {G.~Wahba and D.~Johnson and F.~Gao and J.~Gong},
  title = {Adaptive tuning of numerical weather prediction models: randomized
	{GCV} in three and four dimensional data assimilation},
  journal = {Mon. Wea. Rev.},
  year = {1995},
  volume = {123},
  pages = {3358--3369}
}

@INCOLLECTION{Wahba94,
  author = {G.~Wahba and Y.~Wang and C.~Gu and R.~Klein and B.~Klein},
  title = {Structured Machine Learning for `Soft' Classification with Smoothing
	Spline {ANOVA} and Stacked Tuning, Testing and Evaluation},
  booktitle = {Advances in Neural Information Processing Systems 6},
  publisher = {Morgan Kauffman},
  year = {1994},
  editor = {J.~Cowan and G.~Tesauro and J.~Alspector},
  pages = {415--422}
}

@ARTICLE{Wahba95,
  author = {G.~Wahba and Y.~Wang and C.~Gu and R.~Klein and B.~Klein},
  title = {Smoothing spline {ANOVA} for exponential families, with application
	to the {W}isconsin {E}pidemiological {S}tudy of {D}iabetic {R}etinopathy},
  journal = {Ann. Statist.},
  year = {1995},
  volume = {23},
  pages = {1865--1895}
}

@INPROCEEDINGS{Wan2000,
  author = {E.A. Wan and R. Van Der Merwe},
  title = {The unscented Kalman filter for nonlinear estimation},
  booktitle = {Proc. of the IEEE Adaptive Systems for Signal Processing, Communications,
	and Control Symposium},
  year = {2000}
}

@ARTICLE{Watkin93,
  author = {T. Watkin},
  title = {Optimal learning with a neural network},
  journal = {Europhysics Letters},
  year = {1993},
  volume = {21},
  pages = {871}
}

@ARTICLE{WatRauBie93,
  author = {T.L.H.~Watkin and A.~Rau and M.~Biehl},
  title = {The statistical mechanics of learning a rule},
  journal = {Reviews of Modern Physics},
  year = {1993},
  volume = {65},
  pages = {499--556}
}

@ARTICLE{WaRaBi93,
  author = {T. L. H. Watkin and A. Rau and M. Biehl},
  title = {The statistical mechanics of learning a rule},
  journal = {Reviews of Modern Physics},
  year = {1993},
  volume = {65},
  pages = {499--556}
}

@BOOK{WeiGer94,
  title = {Time Series Prediction: Forecasting the Future and Understanding
	the Past},
  publisher = {Addison-Wesley},
  year = {1994},
  author = {A.~S.~Weigend and {N.~A.~Gershenfeld (Eds.)}},
  note = {Santa Fe Institute Studies in the Sciences of Complexity}
}

@MISC{WeissteinWEB,
  author = {Weisstein, Eric~W.},
  title = {Eric {W}eisstein's World of Mathematics---A {W}olfram Web Resource},
  howpublished = {\texttt{http://mathworld.wolfram.com/}},
  year = {2003}
}

@PHDTHESIS{Werbos74,
  author = {P.~Werbos},
  title = {Beyond Regression: New Tools for Prediction and Analysis in the Behavioral
	Sciences},
  school = {Harvard},
  year = {1974}
}

@BOOK{Werner84,
  title = {Optimization - Theory and Applications},
  publisher = {Vieweg},
  year = {1984},
  author = {J.~Werner}
}

@TECHREPORT{Weston97,
  author = {J.~Weston and A.~Gammerman and M.~Stitson and V.~Vapnik and V.~Vovk
	and C.~Watkins},
  title = {Density estimation using support vector machines},
  institution = {Royal Holloway, University of London},
  year = {1997},
  number = {CSD-TR-97-23}
}

@TECHREPORT{WesWat98,
  author = {J.~Weston and C.~Watkins},
  title = {Multi-class Support Vector Machines},
  institution = {Department of Computer Science, Royal Holloway, University of London},
  year = {1998},
  number = {CSD-TR-98-04},
  address = {Egham, TW20 0EX, UK}
}

@ARTICLE{Widom64,
  author = {H. Widom},
  title = {Asymptotic behaviour of Eigenvalues of Certain Integral Operators},
  journal = {Archive for Rational Mechanics and Analysis},
  year = {1964},
  volume = {17},
  pages = {215--229}
}

@TECHREPORT{Wikinsonetal92,
  author = {R.~A.~Wilkinson and J.~Geist and S.~Janet and P.~J.~Grother and C.~J.~C.~Burges
	and R.~Creecy and B.~Hammond and J.~J.~Hull and N.~J.~Larsen and
	T.~P.~Vogl and C.~L.~Wilson},
  title = {The First Census Optical Character Recognition System Conference},
  institution = {National Institute of Standards and Technology (NIST)},
  year = {1992},
  number = {NISTIR 4912},
  address = {Gaithersburg}
}

@INCOLLECTION{Williams98,
  author = {C.~K.~I.~Williams},
  title = {Prediction with Gaussian Processes: From Linear Regression to Linear
	Prediction and Beyond},
  booktitle = {Learning and Inference in Graphical Models},
  publisher = {Kluwer},
  year = {1998},
  editor = {M.~I.~Jordan},
  note = {To appear. Also: Technical Report NCRG/97/012, Aston University}
}

@INPROCEEDINGS{Williams97,
  author = {C.~K.~I.~Williams},
  title = {Computation with Infinite Networks},
  booktitle = {Advances in Neural Information Processing Systems 9},
  year = {1997},
  editor = {M.~Mozer and M.~Jordan and T.~Petsche},
  pages = {295-301},
  address = {Cambridge, MA},
  publisher = {MIT Press}
}

@INPROCEEDINGS{WilSmoSch99,
  author = {R.~Williamson and A.~Smola and B.~{Sch\"olkopf}},
  title = {Entropy numbers, operators and support vector kernels},
  booktitle = {Advances in Neural Information Processing Systems 11},
  year = {1998},
  note = {Submitted.}
}

@TECHREPORT{WilSmoSch98,
  author = {R. C.~Williamson and A. J.~Smola and B.~Sch{\"o}lkopf},
  title = {Generalization Performance of Regularization Networks and Support
	Vector Machines via Entropy Numbers of Compact Operators},
  institution = {Royal Holloway College},
  year = {1998},
  type = {{NeuroCOLT} {Technical} {Report}},
  number = {NC-TR-98-019},
  address = {University of London, UK}
}

@ARTICLE{WilSmoSch98b,
  author = {R.~C.~Williamson and A.~J.~Smola and B.~Sch{\"o}lkopf},
  title = {Generalization Bounds for Regularization Networks and Support Vector
	Machines via Entropy Numbers of Compact Operators},
  journal = {IEEE Transactions on Information Theory},
  year = {1998},
  note = {Submitted.}
}

@UNPUBLISHED{WilSmoSch99b,
  author = {R.~C.~Williamson and A.~J.~Smola and B.~Sch{\"{o}}lkopf},
  title = {A {M}aximum {M}argin {M}iscellany},
  note = {Typescript},
  month = mar,
  year = {1998}
}

@ARTICLE{WolMan90,
  author = {W.~H.~Wolberg and O.~L.~Mangasarian},
  title = {Multisurface Method of Pattern Separation for Medical Diagnosis Applied
	to Breast Cytology},
  journal = {Proceedings of the National Academy of Sciences,U.S.A.},
  year = {1990},
  volume = {87},
  pages = {9193--9196}
}

@ARTICLE{WolSwiSwiVas85,
  author = {A.~Wolf and J.~B.~Swift and H.~L.~Swinney and J.~A.~Vastano},
  title = {Determining Lyapunov Exponents from a Time Series},
  journal = {Physica D},
  year = {1985},
  volume = {16},
  pages = {285--317}
}

@ARTICLE{Wolfe61,
  author = {P. Wolfe},
  title = {A Duality Theorem for Nonlinear Programming},
  journal = {Quarterly of Applied Mathematics},
  year = {1961},
  volume = {19},
  pages = {239--244}
}

@ARTICLE{Wolpert1996a,
  author = {Wolpert, D.~H.},
  title = {The lack of a priori distinctions between learning algorithms},
  journal = {Neural Computation},
  year = {1996},
  volume = {8},
  pages = {1341--1390},
  number = {7}
}

@ARTICLE{Wolpert1996b,
  author = {Wolpert, D.~H.},
  title = {The existence of a priori distinctions between learning algorithms},
  journal = {Neural Computation},
  year = {1996},
  volume = {8},
  pages = {1391--1420},
  number = {7}
}

@PHDTHESIS{Xiang96,
  author = {D.~Xiang},
  title = {Model Fitting and Testing for Non-Gaussian Data with a Large Data
	Set},
  school = {Technical Report 957, University of Wisconsin-Madison},
  year = {1996},
  address = {Madison WI}
}

@TECHREPORT{XiaWah97,
  author = {D.~Xiang and G.~Wahba},
  title = {Approximate smoothing spline methods for large data sets in the binary
	case},
  institution = {Department of Statistics, University of Wisconsin},
  year = {1997},
  number = {982},
  address = {Madison WI},
  note = {To appear in the Proceedings of the 1997 ASA Joint Statistical Meetings,
	Biometrics Section, pp 94-98 (1998)}
}

@ARTICLE{XiaWah96,
  author = {D.~Xiang and G.~Wahba},
  title = {A generalized Approximate Cross Validation for Smoothing Splines
	with Non-{G}aussian Data},
  journal = {Statistica Sinica},
  year = {1996},
  volume = {6},
  pages = {675--692}
}

@INPROCEEDINGS{YangICONIP2002,
  author = {J. Yang and V. Estivill-{C}astro and S. Chalup},
  title = {Support Vector Clustering Through Proximity Graph Modelling},
  booktitle = {Proceedings, International Conference on Neural Information Processing
	(ICONIP'2002)},
  year = {2002}
}

@PHDTHESIS{Yee97,
  author = {P.~V.~Yee},
  title = {Regularized Radial Basis Function Netowrks: Theory and Applications
	to Probability Estimation, Classification, and Time Series Prediction},
  school = {Dept.\ of ECE, McMaster University, Hamilton, Canada},
  year = {1998}
}

@INPROCEEDINGS{Yoshida2002,
  author = {Yoshida, K. and Hamano, H. and Watanabe, T.},
  title = {Slip-Based Traction Control of a Planetarty Rover},
  booktitle = {8th International Symposium on Experimental Robotics (ISER'02)},
  year = {2002}
}

@INPROCEEDINGS{YuiGrz88,
  author = {A.~Yuille and N.~Grzywacz},
  title = {The Motion Coherence Theory},
  booktitle = {Proceedings of the International Conference on Computer Vision},
  year = {1988},
  pages = {344--354},
  address = {Washington, D.C.},
  month = dec,
  publisher = {IEEE Computer Society Press}
}

@BOOK{ZacTho86,
  title = {Introduction to Partial Differential Equations with Applications},
  publisher = {Dover},
  year = {1986},
  author = {E. C. Zachmanoglou and D.~W.~Thoe},
  address = {Mineola, N.Y.}
}

@INPROCEEDINGS{ZhaHut94,
  author = {X.~Zhang and J.~Hutchinson},
  title = {Simple architectures on fast machines: practical issues in nonlinear
	time series prediction},
  booktitle = {Time Series Prediction: Forecasting the Future and Understanding
	the Past},
  year = {1994},
  editor = {A.~S.~Weigend and N.~A.~Gershenfeld},
  organization = {Santa Fe Institute},
  publisher = {Addison-Wesley}
}

@BOOK{Zoutendijk70,
  title = {Methods of Feasible Directions: a Study in Linear and Non-line ar
	Programming},
  publisher = {Elsevier},
  year = {1970},
  author = {G.~Zoutendijk}
}

@PROCEEDINGS{DBLP:conf/sspr/1998,
  title = {Advances in Pattern Recognition, Joint IAPR International Workshops
	SSPR '98 and SPR '98, Sydney, NSW, Australia, August 11-13, 1998,
	Proceedings},
  year = {1998},
  editor = {Adnan Amin and Dov Dori and Pavel Pudil and Herbert Freeman},
  volume = {1451},
  series = {Lecture Notes in Computer Science},
  publisher = {Springer},
  bibsource = {DBLP, http://dblp.uni-trier.de},
  booktitle = {SSPR/SPR},
  isbn = {3-540-64858-5}
}

@BOOK{Arbib2003,
  title = {The Handbook of Brain Theory and Neural Networks},
  publisher = {The MIT Press},
  year = {2003},
  editor = {Arbib, Michael~A.},
  edition = {second}
}

@BOOK{Arbib1995,
  title = {The Handbook of Brain Theory and Neural Networks},
  publisher = {The MIT Press},
  year = {1995},
  editor = {Arbib, Michael~A.},
  edition = {first}
}

@PROCEEDINGS{RoboCup2004,
  title = {{RoboCup}-2004: Robot Soccer World Cup {VIII}},
  year = {2005},
  editor = {D. Nardi and M. Riedmiller and C. Sammut},
  series = {LNCS},
  publisher = {Springer}
}

@BOOK{Wolpert1995,
  title = {The Mathematics of Generalization---The Proceedings of the {SFI/CNLS}
	Workshop on Formal Approaches to Supervised Learning},
  publisher = {Addison-Wesley Publishing Company},
  year = {1995},
  editor = {Wolpert, D.~H.},
  volume = {XX},
  series = {Santa Fee Institute Studies in the Science of Complexity}
}

@MISC{Robocup,
  title = {{RoboCup web site}},
  year = {2003},
  note = {http://www.robocup.org}
}

@MANUAL{CPLEX94,
  title = {Using the {CPLEX} Callable Library},
  organization = {CPLEX Optimization Incorporated},
  address = {Incline Village, Nevada},
  year = {1994},
  key = {CPLEX}
}

@PROCEEDINGS{LargeScale90,
  title = {Large-Scale Numerical Optimization},
  year = {1990},
  address = {Philadelphia, Pennsylvania},
  publisher = {SIAM},
  booktitle = {Proceedings of the Workshop on Large-Scale Numerical Optimization,
	1989}
}

@comment{jabref-entrytype: Website: req[url;author;title;year;month] opt[]}

